3738 5536
565 521 704 576 stromata
720 522 740 576 1.
763 522 828 595 Cup·
842 523 875 578 V.
892 524 1125 600 31,1-οορ.111.
1142 523 1220 592 33,1.
1505 524 1543 586 21

234 693 293 758 καί
324 679 495 774 ἀσκήσεως
522 691 747 758 συνεστῶσαν.
790 685 973 776 ἐχοιςδ’“
954 718 997 761 αν
1021 696 1077 762 καὶ
1099 687 1206 778 ἀλλην
1227 683 1342 759 εἰκόνα
1363 689 1439 754 τῶν
1460 687 1545 774 εἰρη-
1563 695 1582 749 6

234 791 352 872 μένων
373 783 439 874 τὴν
462 780 579 874 Θάμαρ
602 788 657 856 ἐπὶ
679 782 818 872 τριόδου
837 799 1066 862 καθεσθείσαν
1087 795 1143 862 καί
1163 785 1293 876 πόρνης
1315 781 1417 870 δόξαν
1438 809 1544 869 παρα-

235 891 392 974 σχοῦσαν,
412 881 457 972 Ι
436 912 479 974 ην
501 879 520 956 ό
543 883 762 974 φιλομαθηςΙ
780 881 903 972 Ἰούδας
925 887 1083 976 (δυνατὸς
1105 895 1140 962 δέ
1163 875 1426 978 ἑρμηνεύεται)“
1408 911 1427 952 ο
1442 887 1545 972 μηδὲν
1564 891 1730 964 12383351)

237 983 412 1056 ἄσκεπτον
428 991 485 1054 καί
507 977 748 1072 ἀδιερεύνητον
768 989 971 1060 καταλιπων
996 992 1207 1076 ἐπεσκέψατο
1230 991 1286 1056 καὶ
1311 983 1415 1072 »πρὸς
1437 975 1546 1070 αὖτὴν

199 1103 217 1154 σ
235 1087 436 1170 ἐξέκλινενι,
468 1081 591 1172 σῴζων
618 1079 681 1172 τὴν
707 1083 794 1171 πρὸς
816 1085 880 1158 τὸν
902 1085 986 1159 θεὸν
1010 1081 1201 1178 ὁμολογίαν.
1244 1083 1298 1156 διὰ
1321 1087 1424 1154 τούτο
1447 1087 1502 1152 καί
1525 1073 1638 1160 ό82,1

235 1177 388 1273 Ἀβραάμ,
407 1178 665 1272 παραζηλούσης
681 1187 742 1271 τῆς
756 1179 943 1274 Σάρρας
906 1213 971 1276 την
981 1181 1081 1276 1Ἁγαρ
1096 1187 1411 1274 παρευδοκιμούσαν
1426 1175 1544 1268 σύτήν,

237 1277 285 1366 ιύς
307 1311 351 1352 αν
373 1281 414 1354 τὸ
432 1278 595 1372 χρήσιμον
609 1279 883 1372 ἐκλεξόμενος’
841 1312 949 1375 μονον
965 1291 1026 1376 τῆς
1038 1291 1199 1376 κοσμικῆς
1214 1287 1428 1372 φιλοσοφίας,
1453 1277 1545 1350 ιίδού

237 1411 258 1471 η
247 1379 438 1472 παιδίσκη
461 1385 498 1454 ἐν
520 1397 594 1462 ταις
614 1388 706 1470 χερσί
727 1405 798 1466 σου,
818 1391 891 1472 χρῶ
913 1379 1000 1474 σύτῇ
1023 1381 1071 1468 ιύς
1093 1383 1136 1458 ἀν
1158 1409 1210 1457 σσι
1231 1379 1376 1472 ἀρεστὸν
1395 1373 1433 1468 ᾖε
1453 1386 1544 1467 φησι,

238 1473 407 1571 δηλῶν”
387 1510 442 1554 οτι
473 1477 663 1568 ἀσπάζομαι
688 1486 751 1568 μὲν
777 1481 843 1571 τὴν
863 1483 1028 1574 κοσμικὴν
1049 1489 1205 1556 παιδείαν
1225 1477 1330 1554 καὶ”
1303 1511 1351 1563 ως
1374 1484 1545 1566 νεωτέραν

182 1599 218 1652 10
235 1586 293 1652 καὶ
324 1609 372 1664 ως
402 1579 465 1670 σὴν
496 1585 737 1670 θεραπαινίδα,
769 1580 833 1670 τὴν
864 1587 899 1654 δέ
928 1581 1118 1674 ἐπιστήμην
1148 1611 1212 1674 την
1242 1580 1305 1670 σὴν
1337 1607 1385 1660 ως
1412 1585 1544 1648 τελείαν

236 1685 418 1752 δέσποιναν
449 1687 536 1770 τιμῶ
565 1687 622 1752 καλ
651 1682 746 1764 σέβω.
792 1686 910 1754 εκαίέ
911 1679 1065 1756 κάκωσεν
1096 1679 1205 1773 αὐτὴν
1226 1679 1361 1768 Σάρραι
1394 1681 1469 1749 ἴσον
1491 1682 1580 1766 τῷ
1563 1688 1581 1724 ⁰

235 1775 444 1868 ἐσωφρόνισε
474 1787 529 1853 καί
561 1783 798 1868 ἐνουθέτησεν.
840 1771 877 1852 εύ
898 1788 982 1872 γοῦν
1004 1811 1134 1873 ειρητιιι
1166 1787 1334 1902 »παιδείας
1356 1781 1454 1860 θεοῦ,
1484 1747 1544 1858 υίέ,

235 1905 281 1968 μη
304 1873 470 1969 ὀλιγώρει,
492 1885 574 1970 μηδὲ
589 1874 745 1950 ἐκλύσυ“
724 1875 786 1950 υπ’
798 1876 904 1954 αύτσυ
888 1875 1188 1972 ’ἐλεγχόμενος·“
1170 1908 1212 1952 σν
1226 1879 1288 1970 γὰρ
1303 1873 1416 1970 ἀγαπᾷ
1430 1873 1544 1962 κύριος

236 1977 403 2060 παιδεύει,
436 1998 595 2070 μαστιγοῖ
623 1983 659 2052 δέ
690 1977 805 2052 πάντα
834 1973 958 2052 υίὸν
940 2009 982 2051 σν
1010 1987 1257 2070 παραδέχετααι
1310 1971 1389 2050 κατ’
1420 1975 1580 2058 ἀλλουςθ

185 2105 218 2158 15
234 2081 352 2166 μέντοι
372 2104 407 2165 γε
430 2074 561 2162 τόπους
581 2077 816 2171 έξεταζόμεναι
835 2083 868 2152 αί
882 2085 1123 2168 προειρημέναι
1138 2085 1262 2170 γραφαί
1278 2077 1365 2150 ἀλλα
1378 2071 1544 2166 μυστήρια

236 2174 421 2266 μηνύουσαι
441 2184 676 2264 παρίστανται.

322 2281 436 2364 Φαμὲν
458 2285 576 2350 τοίνυν
598 2283 736 2352 ἐνθένδε
759 2285 874 2370 γυμνῷ
898 2285 949 2370 τῷ
972 2274 1064 2370 λόγῳ
1088 2277 1152 2369 τὴν
1175 2284 1382 2366 φιλοσοφίαν
1405 2271 1580 2366 ζητησιν4

238 2379 323 2498 ἰιχειν
342 2382 422 2463 περὶ
443 2371 604 2465 ἀληθείας
618 2385 673 2450 καλ
688 2383 750 2468 τῆς
765 2385 839 2450 τῶν
853 2371 969 2450 όντων
984 2377 1116 2466 φύσεως
1131 2375 1299 2498 (ἀλήθεια
1304 2383 1340 2450 δὲ
1355 2369 1450 2464 αύτη,
1465 2379 1543 2462 περὶ

241 2465 278 2563 ἧς
297 2467 317 2544 ό
335 2473 451 2562 κύριος
470 2472 574 2560 αύτὸς
588 2477 682 2552 είπεν
699 2477 783 2568 »ἐγώ
801 2474 900 2564 είμι
881 2505 901 2566 η
916 2473 1104 2568 ἀληθειαι),
1127 2475 1191 2568 τήν
1207 2505 1243 2548 τε
1258 2505 1301 2548 αυ
1289 2467 1543 2564 προπαιδείαν

187 2599 222 2654 20
239 2601 299 2663 της
328 2575 367 2644 ἐν
389 2569 578 2666 Χριστῷ’
557 2574 778 2660 αναπαύσεως
808 2573 986 2666 γυμνάζειν
1008 2575 1072 2650 τόν
1094 2583 1178 2650 νοῦν
1199 2583 1255 2646 καὶ
1277 2581 1446 2664 διεγείρειν
1478 2569 1543 2662 τὴν

238 2671 371 2744 σύνεσιν
396 2667 570 2763 ἀγχίνοιαν
596 2683 770 2765 γεννῶσαν
792 2673 975 2766 ζητητικὴν
996 2675 1051 2748 διὰ
1072 2683 1276 2763 φιλοσοφίας
1298 2669 1456 2762 ἀληθοῦς.
1499 2670 1542 2762 ἢν

238 2767 408 2860 εύρόντες,
434 2779 567 2862 μᾶλλον
588 2779 624 2846 δέ
645 2773 824 2866 εἰληφότες
844 2771 928 2864 παρ’
950 2771 1055 2865 αὐτῆς
1078 2781 1139 2864 τῆς
1160 2770 1332 2863 ἀληθείας,
1355 2773 1487 2860 ἔχουσιν
1508 2771 1540 2840 σί

234 2869 364 2958 μύσται.
404 2875 454 2944 vL
469 2873 580 2944 πολλὰ
595 2869 660 2964 δή
675 2871 852 2965 ἑτοιμότης
866 2871 953 2964 πρὸς
968 2873 1066 2948 τὸτὰ
1081 2880 1204 2948 δέοντα
1219 2867 1305 2964 όρᾶν
1319 2871 1373 2942 διὰ
1387 2875 1449 2960 τῆς
1457 2895 1540 2956 προ·
1558 2888 1635 2954 551

234 2979 414 3060 7141110146
436 2970 666 3061 συμβάλλεται.
701 2979 752 3064 ελη
775 2968 808 3046 δ’
830 2970 873 3045 ἂν
895 2981 1057 3062 γυμνασία
1074 2979 1125 3065 τῷ
1142 2980 1192 3064 νῷ
1208 2969 1252 3044 τό
1268 2967 1383 3062 νοητά.
1417 2967 1539 3058 τριττὴ

317 3207 390 3263 1-5
417 3205 472 3276 νηί.
491 3207 559 3262 Gen.
577 3209 619 3274 38,
638 3211 749 3268 11-15ς
776 3207 858 3264 Philo
880 3207 921 3264 De
942 3225 1038 3279 congr.
1056 3225 1093 3263 ει.
1112 3227 1153 3280 gr.
1172 3209 1245 3264 1241
1263 3207 1285 3266 {1
1304 3223 1329 3278 ρ.
1348 3209 1397 3264 537
1416 3205 1454 3276 U)
1482 3200 1540 3262 ἔστι

230 3283 256 3342 δ’
275 3284 324 3348 ὅτε
413 3283 512 3364 ὥσπερ
537 3289 640 3364 θείμαρ
662 3289 709 3350 ἐπί
731 3293 845 3366 τριόδου
861 3291 1027 3364 καθέζεται,
1045 3293 1153 3366 πόρνης
1169 3291 1256 3360 δόξαν
1274 3299 1462 3362 παρασχοῦσα
1480 3297 1541 3356 τοῖς

230 3373 287 3448 ὁδῷ
311 3375 473 3448 βαδίζουσα
491 3416 497 3428 .
512 3418 517 3430 .
530 3417 557 3431 ..
574 3377 617 3442 τίς
638 3369 689 3434 σύν
712 3374 728 3432 δ
751 3375 929 3444 έξεταστικδς
949 3379 998 3434 καὶ
1024 3379 1186 3448 φιλομαθὴς
1211 3378 1260 3432 καὶ
1286 3375 1373 3446 μηδὲν
1395 3371 1540 3432 ἄσκεπτον

229 3460 279 3516 καί
304 3455 503 3532 ἀδιερεύνητον
529 3467 587 3516 τῶν
614 3455 867 3532 ἐγκεκαλυμμένον
892 3459 1072 3534 πραγμάτων
1094 3466 1265 3535 παραλιπεῖν
1282 3459 1371 3527 ἀξιῶν
1388 3456 1476 3524 ἐστιν,
1495 3455 1539 3516 δτι

229 3545 268 3612 μη
292 3541 308 3600 δ
326 3539 551 3618 ἀρχιστράτηγος
572 3547 622 3600 καί
637 3545 769 3620 βασιλεὺς
785 3547 835 3600 καί
850 3553 913 3612 ταῖς
929 3547 1003 3619 πρὸς
1020 3547 1091 3606 θεὸν
1109 3544 1276 3618 ὁμολογίαις
1292 3541 1425 3614 ἐμμένων
1441 3561 1471 3600 τε
1490 3545 1540 3600 καί

228 3629 346 3700 χαίρων,
365 3623 458 3700 ὄνομα
469 3623 586 3696 Ἰούδας·
668 3631 686 3686 5
704 3629 761 3701 ng
778 3629 848 3686 weh
868 3631 937 3685 Gom
948 3633 1036 3698 21135
1053 3647 1079 3688 u.
1092 3631 1173 3687 Philo
1190 3631 1232 3686 De
1248 3629 1335 3700 plant.
1348 3629 1398 3684 134
1416 3646 1441 3701 p.
1454 3631 1539 3696 (1319

230 3711 270 3780 M)
288 3705 405 3780 Ἰούδας,
429 3709 462 3782 ὃς
477 3707 664 3788 ἑρμηνεύεται
681 3715 769 3790 κυρίιμ
787 3709 1003 3786 ἐξομολόγησις
1030 3715 1095 3786 1103.
1114 3715 1196 3784 alleg.
1216 3715 1226 3767 1
1244 3715 1279 3770 80
1296 3714 1319 3782 (1
1337 3731 1362 3784 p.
1381 3713 1470 3784 5911)
1488 3719 1539 3768 τοῦ

229 3791 494 3870 ἐξομολογσυμένσυ
512 3797 529 3856 δ
548 3793 651 3865 Ἰούδας
668 3797 825 3872 σύμβολον.
913 3799 1005 3857 5-11
1030 3800 1085 3870 vgl.
1104 3799 1171 3854 Gon.
1186 3800 1226 3865 16,
1239 3801 1269 3862 6ς
1295 3795 1376 3852 Philo
1394 3797 1428 3852 δε
1446 3813 1539 3866 congr.

230 3897 266 3936 ετ.
284 3899 325 3952 gr.
344 3885 393 3938 154
411 3885 432 3952 (Ι
451 3901 476 3954 p.
494 3885 543 3940 541
563 3885 602 3952 M)
619 3883 746 3950 μονονοὺ
766 3888 845 3957 βοῶν
867 3879 1010 3954 ἄντικρυς,
1034 3878 1078 3939 ότι
1100 3884 1150 3953 την
1171 3881 1225 3952 μὲν
1242 3879 1391 3954 έγκύκλιον
1408 3881 1538 3936 παιδείαν

228 3967 277 4020 καλ
300 3961 340 4032 ὼς
357 3967 500 4042 νεωτέραν
517 3971 566 4025 καί
583 3965 624 4035 ύις
640 3969 830 4042 θεραπαινίδα
849 3965 1027 4038 ἀσπάζομαι,
1044 3969 1096 4037 την
1113 3965 1144 4024 δέ
1161 3965 1316 4037 ἐπιστήμην
1333 3967 1382 4022 καλ
1401 3964 1539 4034 φρόνησιν

230 4045 270 4116 ύσς
287 4051 398 4108 τελείαν
414 4053 462 4107 καί
480 4049 632 4109 δέσποιναν
649 4049 826 4122 ἐκτετίμηιια.
913 4053 949 4108 11
961 4051 977 4108 f
992 4051 1046 4122 vgl.
1060 4051 1140 4107 Philo
1158 4069 1182 4107 ιι
1195 4069 1219 4106 ιε
1232 4051 1263 4107 0.
1282 4053 1331 4107 158
1349 4049 1372 4118 (1
1390 4065 1417 4120 p.
1430 4049 1481 4104 542
1497 4047 1536 4116 11)

232 4135 294 4190 ικαί
306 4130 450 4192 ἐκάκωσεν
462 4133 563 4206 αὐτὴν·
583 4133 646 4193 ἴσον
658 4143 698 4212 τῷ
710 4133 882 4206 ἐνουθέτησε
893 4139 942 4194 καί
954 4133 1139 4210 ἐσωφρόνισε.
1223 4135 1338 4192 12-14
1355 4133 1435 4188 Ρτοτ.
1450 4135 1474 4202 3,
1485 4133 1540 4190 111

230 4219 273 4271 ι-
292 4217 374 4276 σπι.
393 4221 434 4280 12.
452 4221 515 4290 ειη
539 4221 620 4278 Philo
638 4239 662 4278 ι
681 4239 706 4278 ιι
724 4221 755 4278 σ.
775 4225 823 4278 ιιι
841 4221 863 4292 (ι
882 4239 907 4292 p.
925 4223 976 4278 ειι
993 4221 1033 4290 ιι)
1116 4223 1154 4278 ιε
1173 4219 1234 4278 Joh.
1254 4221 1328 4286 ιι,σ

314 4425 456 4502 Minae
475 4427 555 4485 Philo
577 4429 716 4502 θὴμαρῐι
798 4427 834 4486 11
860 4435 899 4502 τῷ
918 4429 999 4486 Philo
1017 4428 1093 4488 τόΙι
1175 4430 1213 4487 12
1233 4423 1457 4501 ἐσωφρόνησεῐι

230 4513 270 4570 1⁸
287 4511 368 4584 μηδλ]
386 4515 435 4570 καί
451 4515 490 4584 μη
509 4513 589 4570 Philo
671 4515 709 4572 14
728 4513 853 4571 παιδεύει
871 4513 933 4584 (πίε
950 4513 1033 4570 Hebr.
1051 4515 1092 4578 12,
1110 4517 1127 4570 6
1144 4533 1170 4572 α.
1189 4515 1271 4572 Pu&
1289 4515 1302 4570 1
1320 4515 1361 4576 78.
1373 4513 1410 4584 41]
1428 4509 1537 4586 ἐλέγχει

229 4595 311 4652 Philo
393 4599 431 4654 15
449 4597 565 4670 τόπους]
587 4597 692 4664 τύπους
710 4597 749 4654 Ρσ
775 4599 899 4672 τρδπσυς
916 4598 963 4654 Ma
1048 4599 1086 4656 10
1112 4598 1268 4669 μηνύονται
1287 4599 1321 4654 11
1343 4597 1480 4670 μηνύουσι
1497 4597 1535 4652 L·

271 4683 459 4754 παρίστανται
477 4681 557 4738 θυΙτττ
575 4681 750 4756 παρεστάναι
769 4683 790 4736 L
871 4683 909 4738 111
927 4677 1008 4741 εἶπεν
1025 4685 1060 4754 Sy
1082 4681 1172 4742 εἰπὼν
1190 4683 1211 4738 L
