3704 5530
519 603 659 660 Βίτοωεία
676 600 722 654 Vl.
745 601 809 672 Cap.
823 601 881 656 ΧΠ.
901 603 958 668 103,
970 603 1085 674 ί-Οορ.
1098 601 1172 656 xlll.
1190 603 1248 670 101,
1260 603 1285 658 3.
1483 609 1543 672 485

239 769 408 838 ἐνταῦθα·
438 763 608 853 φωτεινὸς
634 771 670 836 δὲ
695 759 759 854 ήδη
780 769 836 836 καί
860 761 909 849 ὥς
930 761 950 836 ό
972 761 1068 855 ἥλιος
1089 761 1237 856 λάμπων
1257 765 1346 838 κατὰ
1368 765 1432 858 τήν
1454 762 1544 854 εῦερ-

239 873 353 956 χισίαν
378 863 512 938 σπεύδει
539 870 581 954 τῇ
608 863 730 954 χνιύσει
757 871 799 954 τῇ
821 869 932 958 δικαίᾳ
954 861 1001 936 δι’
1024 859 1156 956 ἀχάπης
1177 870 1262 938 θεοῦ
1284 869 1338 936 ἐπί
1361 863 1425 956 τήν
1446 859 1546 956 ἀχίαν

238 963 349 1056 μονήν
378 961 535 1052 καθάπερ
563 965 596 1038 σί
626 957 829 1046 ἀπόστολοι,
861 959 935 1054 ούχ,
967 958 1022 1036 ότι
1054 955 1141 1054 ἦσαν
1170 969 1338 1050 ἐκλεκτοί,
1370 961 1545 1054 γενόμενοι

239 1059 428 1136 ἀπόστολοι
450 1061 538 1136 κατά
560 1093 594 1136 τι
616 1061 751 1152 φύσεως
772 1067 947 1153 ἐξαίρετον
967 1069 1099 1154 ἐδίωμα,
1122 1069 1194 1137 ἐπεὶ
1216 1071 1271 1136 καί
1294 1061 1313 1137 ό
1335 1063 1457 1147 Ἰούδας
1477 1069 1545 1151 ἐξε-

206 1168 319 1254 ῡλέχη
345 1162 407 1234 σῦν
432 1159 562 1247 αδτσίς,
594 1159 673 1238 ἀλλ’
695 1161 763 1236 οἱοί
789 1189 825 1234 τε
852 1155 939 1253 ἦσαν
965 1160 1153 1238 ἀπόστολοι
1176 1170 1333 1256 γενέσθω
1355 1169 1547 1254 ἐκλεχέντες

238 1261 325 1350 πρὸς
348 1269 410 1334 τοῦ
431 1268 486 1336 καί
508 1261 551 1336 τό
575 1269 656 1353 τέλη
677 1268 931 1352 πραορωμίνου.
967 1259 986 1336 ό
1009 1271 1093 1356 χοῦν
1113 1263 1159 1354 μή
1181 1263 1243 1338 σύν
1265 1261 1381 1346 αύτοίς
1403 1265 1583 1352 ἐκλεχείςθ

240 1369 417 1446 Ματθίας,
454 1361 550 1450 ἀξιον
584 1361 707 1434 ἑαυτὸν
741 1359 993 1452 παρασχόμενος
1027 1369 1091 1436 τοῦ
1123 1369 1281 1454 γενέσθαι
1308 1371 1313 1448 Ι
1340 1359 1546 1444 ἀπόστολον,
1564 1371 1649 1430 793Ρ

241 1457 566 1534 ἀντικατατάσσεται
587 1458 701 1534 Ἰούδα.
737 1465 865 1549 ἐξεστιν
887 1453 950 1534 οῦν
972 1470 1026 1534 καί
1049 1469 1112 1534 νῦν
1133 1483 1207 1546 ταις
1221 1481 1395 1554 κυριακαίς
1410 1459 1547 1552 ἐνασκή·
1565 1473 1662 1534 lom

241 1585 366 1642 σαντας
387 1565 552 1644 ἐντολαῖς,
574 1560 662 1632 κατὰ
684 1559 725 1632 τό
748 1557 940 1651 εῦαχχίλιον
963 1569 1102 1648 τελείως
1123 1563 1313 1648 βιώσαντας
1334 1569 1390 1635 καὶ
1405 1583 1547 1652 γνωστι-

191 1673 224 1728 10
241 1669 324 1742 κῶς.
352 1664 398 1744 είς
428 1657 492 1750 τήν
521 1659 666 1751 ἐκλογήν
697 1667 770 1733 τιῦν
799 1657 1006 1734 ἀποστόλων
1027 1665 1241 1754 ἐγγραφῆναι.
1283 1653 1386 1746 οὗτος
1407 1659 1585 1750 πρεσβύθ

242 1755 339 1846 τερός
368 1763 440 1832 ἐστι
470 1765 522 1850 τῷ
555 1753 632 1832 ὄντι
663 1767 723 1850 τῆς
753 1765 928 1850 ἐκκλησίας
957 1767 1012 1833 καί
1043 1759 1203 1847 διάκονος
1235 1759 1368 1854 ἀληθής
1398 1765 1460 1850 τῆς
1486 1765 1550 1832 τοῦ

242 1866 327 1933 θεοῦ
351 1857 556 1950 βουλήσεως,
587 1859 647 1932 ἐὰν
671 1867 755 1950 ποιῇ
775 1869 831 1932 καί
853 1858 992 1950 διδάσκη
1013 1861 1056 1934 τὰ
1079 1867 1143 1934 τοῦ
1163 1869 1296 1951 κυρίου,
1327 1859 1388 1951 ούχ
1408 1857 1469 1932 ἀπ’
1493 1857 1548 1934 ἀν·

243 1959 401 2048 θροόπων
422 1959 721 2051 χειροτονούμενος
743 1953 906 2046 οὐδ’,ότι
920 1959 1153 2052 πρεσβύτερος,
1175 1965 1304 2048 δίκαιος
1320 1957 1548 2052 νομιζόμενος,

242 2054 325 2137 ἀλλ’,
357 2053 412 2132 ότι
435 2066 575 2142 δίκαιος,
606 2065 643 2132 ἐν
664 2069 894 2151 πρεσβυτερίῳ
920 2058 1206 2152 καταλεγόμενος·
1235 2059 1300 2134 κάν
1322 2065 1473 2133 ἐνταῦθα
1495 2065 1549 2132 ἐπὶ

193 2181 224 2232 15
242 2165 302 2249 γῆς
332 2165 618 2252 πρωτοκαθεδρίᾳ
647 2158 693 2248 μή
723 2166 865 2250 τιμηθῇ,
897 2165 935 2230 ἐν
961 2177 1035 2244 τοις
1061 2166 1164 2232 είκοσι
1190 2168 1245 2232 καὶ
1273 2167 1428 2252 τέσσαρσι
1449 2170 1549 2234 καθε·

242 2265 347 2330 δεῖται
384 2252 526 2344 θρόνοις
561 2257 624 2330 τὸν
661 2257 745 2330 λαὸν
778 2266 922 2346 κρίνων,
960 2255 1009 2342 ἀς
1045 2285 1149 2350 φησιν
1184 2265 1222 2332 ἐν
1258 2268 1300 2349 τῇ
1336 2259 1550 2348 ἀποκαλύψει

242 2353 408 2446 Ἰωάννης.
450 2363 508 2447 μία
528 2363 590 2446 μὲν
612 2355 674 2446 γὰρ
697 2365 747 2448 τῷ
770 2351 846 2430 όντι
869 2355 1015 2448 διαθήκη
1037 2355 1058 2448 ή
1079 2357 1247 2448 σωτήριος
1268 2357 1337 2432 ἀπὸ
1358 2365 1550 2447 καταβολῆς
1568 2379 1587 2434 θ

242 2453 371 2547 κόσμου
400 2459 445 2538 είς
476 2451 562 2546 ἡμᾶς
592 2453 766 2546 διήκουσα,
797 2457 884 2528 κατὰ
915 2455 1099 2548 διαφόρους
1124 2457 1239 2548 χενεάς
1266 2487 1304 2532 τε
1330 2466 1386 2530 καί
1406 2456 1549 2548 χρόνους

243 2553 409 2644 διάφορος
434 2555 519 2628 είναι
547 2555 611 2646 τήν
637 2553 732 2628 δόσιν
758 2551 1005 2646 ύποληφθειοα.
1048 2553 1245 2632 ἀκόλουθον
1270 2559 1333 2650 γὰρ
1357 2559 1443 2630 εἶναι
1469 2565 1586 2646 μίανί

192 2675 226 2728 20
244 2653 458 2746 ἀμετάθετον
485 2663 654 2746 σωτηρίας
681 2653 776 2730 δόσιν
800 2651 885 2742 παρ’
907 2656 983 2740 ἑνός
1009 2664 1094 2730 θεοῦ
1121 2652 1168 2730 δι’
1189 2658 1266 2742 ἐνὸς
1287 2664 1404 2746 κυρίου
1428 2669 1548 2730 ιπολυ-

245 2753 400 2844 τρόπωςι
426 2751 638 2840 ἀφελοῦσαν.
669 2751 715 2828 δι’
738 2753 781 2844 ἢν
803 2761 916 2828 αἰτίαν
938 2753 979 2828 τό
1005 2753 1240 2846 εμεσότσιχονι
1266 2761 1394 2846 αἴρεται
1416 2756 1458 2828 τό
1480 2761 1548 2828 διο-

245 2864 339 2945 ρίζον
370 2859 433 2926 τοῦ
458 2851 618 2928 Ἰουδαίου
648 2853 712 2928 τὸν
730 2849 879 2944 Ἕλληνα
910 2859 956 2938 είς
984 2853 1180 2946 περιούσων
1211 2854 1306 2929 λαόν.
1348 2863 1404 2928 καί
1436 2849 1549 2938 ούτως
1570 2871 1667 2941 lom

245 2955 349 3046 ἀμφω
374 2957 438 3036 ιείς
460 2953 524 3044 τήν
545 2951 691 3046 ἑνότητα
714 2961 775 3046 τῆς
794 2963 959 3040 πίστεωςι
988 2962 1215 3039 καταντῶσιν,
1245 2963 1301 3027 καὶ
1324 2951 1344 3046 ή
1366 2961 1402 3044 ἐξ
1423 2953 1550 3044 ἀμφοῖν

244 3053 367 3144 ἐκλογή
393 3061 459 3146 μία
501 3061 557 3126 καί
584 3060 658 3126 τῶν
683 3059 864 3142 ἐκλεκτῶν,
895 3063 1012 3145 φησίν,
1044 3054 1278 3144 ἐκλεκτότεροι
1313 3060 1346 3128 οί
1371 3055 1460 3130 κατὰ
1485 3053 1587 3144 τήνθ

193 3171 227 3226 25
246 3163 378 3226 τελείαν
403 3161 532 3244 γνῶσιν
557 3158 612 3225 καί
640 3160 701 3244 τῆς
721 3159 898 3246 ἐκκλησίας
919 3150 1023 3244 αύτῆς
1044 3151 1293 3245 ἀπηνθισμένοι
1313 3163 1369 3226 καί
1391 3162 1433 3244 τῇ
1454 3181 1550 3242 μεχα-

246 3251 505 3344 λοπρεπεστάτρ
527 3249 609 3341 δόξη
631 3260 853 3345 τετιμημένοι,
876 3261 988 3342 κριταί
1010 3283 1047 3326 τε
1068 3262 1125 3326 καὶ
1147 3259 1327 3344 διοικηταί,
1349 3249 1405 3326 ἐπ’
1421 3257 1493 3344 ίσης
1515 3255 1551 3324 ἔκ

247 3383 284 3426 τε
298 3351 470 3426 ’ίουδαίων
491 3353 529 3423 ίκ
550 3381 588 3424 τε
602 3349 785 3444 Ἐλλήνων,
808 3358 841 3426 οί
864 3361 1019 3442 τέσσαρες
1040 3361 1096 3426 καί
1118 3359 1230 3438 είκοσι,
1255 3359 1553 3440 διπλασιασθείσης

248 3461 308 3546 τής
328 3450 479 3546 χάριτος·
500 3457 571 3524 ἐπεί
593 3457 648 3523 καί
670 3456 703 3524 σί
725 3455 876 3525 ἐνταῦθα
897 3453 986 3525 κατὰ
1007 3453 1071 3544 τήν
1092 3459 1271 3544 ἐκκλησίαν
1292 3458 1464 3540 προκοπαὶ
1484 3455 1552 3520 ἐπι-

247 3551 398 3637 σκόπων,
428 3557 674 3640 πρεσβυτέρων,
704 3549 877 3624 διακόνων
901 3551 1088 3644 μιμήματα,
1120 3555 1225 3643 οίμαι,
1255 3549 1431 3642 ἀχηελικής
1452 3547 1552 3640 δόξης

196 3671 230 3720 3ο
247 3649 405 3744 κάκείνης
427 3657 489 3740 τής
511 3657 706 3742 οέκονσμίας
728 3649 959 3742 τυγχάνουσιν,
982 3651 1026 3743 ήν
1046 3649 1226 3742 ἀναμένειν
1247 3659 1350 3740 φασίν
1371 3655 1405 3723 αί
1427 3657 1551 3740 γραφαὶ

248 3753 330 3837 τοῦς
356 3747 436 3826 κατ’
458 3756 550 3840 ἴχνος
577 3757 651 3822 τῶν
677 3745 886 3824 ἀποστόλων
911 3756 949 3824 ἐν
974 3753 1146 3825 τελειώσει
1168 3750 1380 3840 δικαιοσύνης
1400 3749 1488 3822 κατὰ
1510 3747 1552 3820 τὸ

249 3849 442 3942 εύαχχίλιον
473 3845 687 3938 βεβιωκότας.
734 3855 788 3922 »ἐν
816 3857 988 3939 νεφέλαιςι
1019 3851 1164 3936 τούτους
1189 3848 1359 3940 ἀρθέντος
1385 3847 1505 3940 χράφει
1532 3842 1590 3926 ότ

336 4071 435 4142 1ng
454 4071 553 4130 Matth.
573 4077 617 4140 13,
635 4073 669 4128 43
758 4074 830 4130 6-8
854 4073 908 4144 vgl.
928 4077 987 4128 Aet.
1007 4077 1033 4136 1.
1052 4075 1093 4130 23.
1112 4075 1145 4128 26
1235 4072 1299 4128 122
1323 4071 1378 4142 ερί.
1401 4069 1553 4126 νὶε11.Δοί.

250 4159 341 4224 ίί,2ί
411 4157 1326 4228 14rvgl.Msulz23,6;Mark.12,39;Luk.11.43;2³0stss
1418 4153 1554 4224 ίῦίερί.

249 4239 415 4312 ΑροΗοίι.
433 4245 503 4306 ί,ί;
527 4241 627 4298 Ματθία.
648 4243 692 4304 12,
710 4243 757 4308 28;
784 4241 851 4296 Luk.
869 4243 910 4308 22,
929 4245 963 4296 30
1043 4242 1109 4298 2οί
1131 4239 1186 4311 vgl.
1205 4241 1287 4296 Hebr.
1308 4243 1358 4308 1,1
1437 4239 1475 4295 2¹
1496 4237 1553 4308 vgl.

250 4325 446 4398 Ephen.2,1⁴
534 4325 573 4382 22
597 4327 651 4396 vgl.
674 4323 728 4380 ‘fit
746 4327 775 4392 2,
793 4329 826 4380 14
912 4327 952 4383 28
979 4327 1034 4398 vgl.
1062 4325 1211 4398 Eme-4,
1236 4327 1266 4379 13
1355 4323 1469 4380 24-27
1498 4323 1553 4394 vgl.

250 4409 338 4480 Apok.
359 4409 421 4464 ίοΙτ.
443 4410 472 4472 ί,
490 4415 519 4474 ίς
546 4410 644 4466 matth.
669 4411 713 4474 ίθ,
730 4411 776 4476 28ς
803 4411 872 4464 Luk.
890 4411 935 4476 22,
953 4411 988 4466 30
1078 4409 1193 4466 ⁸042
1220 4407 1275 4480 νηί.
1293 4413 1366 4463 τίκα
1383 4409 1394 4462 Ι
1413 4407 1477 4462 Κατ.
1495 4408 1554 4473 2,ίί

284 4491 463 4550 mrum
480 4499 505 4560 ί,
524 4497 556 4550 17

337 4677 355 4734 ί
383 4697 408 4733 τι
429 4678 465 4748 Sy
492 4679 597 4734 mah
697 4681 712 4735 2
740 4675 903 4746 ἀπόστολος
923 4679 959 4750 Sy
1057 4679 1122 4736 w
1146 4675 1301 4744 είς-λαόν
1320 4697 1354 4724 m
1376 4677 1445 4730 οαοίε
1466 4670 1554 4747 ἄμφω

252 4761 299 4816 Mn
379 4763 418 4816 ³⁰
436 4765 523 4832 φασίν
540 4763 576 4834 Sy
598 4763 722 4832 φησίνῐι
