3760 5534
549 543 689 600 υαιιιιιε
707 545 753 598 ιιι.
777 545 840 614 cap.
853 545 887 598 11.
905 546 946 612 10,
959 545 1074 617 ι-οιρ.
1087 545 1133 600 ιιι.
1152 547 1193 612 ιι,
1205 546 1229 600 2.
1481 551 1540 613 σοι

232 707 514 800 ἀντιτασσόμενοι
537 713 587 798 τῷ
610 715 736 797 ποιητῇ
759 715 810 800 τῷ
832 715 932 795 σφῶν
953 714 1009 780 καὶ
1024 706 1228 789 σπεύδοντες
1242 705 1329 796 πρὸς
1345 703 1408 777 τόν
1423 715 1541 796 κεκλη-

232 807 318 882 κότα
340 805 483 900 ἀγαθόν,
507 805 579 882 ἀλλ’
597 805 637 880 οῦ
659 806 724 879 τόν
746 805 794 890 τός
816 831 898 896 φασι
919 806 1004 879 θεὸν
1023 811 1061 879 ἐν
1076 807 1172 898 ἄλλῳ
1188 803 1319 899 τρόπῳ,
1342 799 1428 878 ὅθεν
1442 802 1541 878 οῦδὲν

232 915 321 982 ἴδιον
354 919 555 980 καταλιπεῖν
591 913 743 980 ἐνταῦθα
777 905 977 997 βουλόμενοι
1012 905 1053 979 οῦ
1083 914 1125 996 τῇ
1161 912 1352 998 προαιρέσει
1387 913 1541 994 γίνονται

234 1015 414 1100 ἐγκρατεῖς,
437 1016 480 1096 τῇ
502 1013 538 1080 δὲ
559 1007 645 1094 πρὸς
666 1005 731 1078 τόν
751 1004 965 1096 πεποιηκότα
987 1010 1102 1102 ἔχθρᾳ,
1121 1007 1167 1098 μὴ
1181 1003 1382 1096 βουλόμενοι
1396 1011 1542 1096 χρῆσθαι

199 1127 307 1190 στοις
336 1103 398 1178 ῦπ’
430 1104 537 1180 αὐτοῦ
566 1117 761 1178 κτισθεῖσιν.
804 1103 879 1179 ἀλλ’
911 1098 1009 1180 οὗτοί
1039 1135 1075 1195 γε
1105 1105 1216 1194 όσεβεῖ
1241 1115 1246 1192 Ι
1274 1113 1437 1198 θεομαχίᾳ
1468 1111 1542 1178 τῶν
1561 1121 1579 1176 0
1598 1121 1681 1178 0160

234 1207 321 1280 κατὰ
348 1206 450 1296 φῦσιν
475 1203 656 1289 ἐκστάντες
682 1213 863 1296 λογισμῶν,
895 1213 956 1296 τῆς
977 1215 1212 1296 μακροθυμίας
1233 1215 1289 1278 καί
1311 1203 1543 1296 χρηστότητος

235 1313 298 1378 τοῦ
319 1313 406 1380 θεοῦ
426 1311 736 1394 καταφρονοῦντες,
760 1311 788 1376 εί
809 1313 865 1376 καί
886 1305 931 1396 μὴ
954 1324 1070 1396 γαμεῖν
1085 1311 1272 1390 ἐθέλουσιν,
1295 1303 1381 1378 ἀλλὰ
1397 1325 1542 1394 τροφαῖς

233 1413 384 1496 χρῶνται
416 1423 489 1488 ταῖς
518 1424 670 1488 κτισταῑς
700 1413 757 1477 καί
788 1403 851 1476 τὸν
881 1399 963 1494 όέρα
990 1412 1053 1478 τοῦ
1079 1411 1283 1496 δημιουργοῦ
1304 1402 1540 1489 όναπνέουσιν,

234 1501 339 1578 αῦτοῦ
361 1509 398 1578 τε
421 1498 519 1588 ὄντες
542 1507 622 1593 ἔργα
643 1513 697 1577 καί
719 1509 756 1576 ἐν
778 1523 851 1588 τοῖς
873 1501 980 1576 αὐτοῦ
999 1512 1258 1593 καταμένοντες,
1286 1502 1409 1594 τόντε
1431 1509 1539 1594 ξένην,

182 1619 215 1674 10
233 1601 282 1688 όίς
303 1629 394 1692 φασι,
418 1613 545 1696 γνῶσιν
565 1603 845 1694 εὐαγγελίζονται,
868 1602 934 1676 κόν
952 1603 1040 1676 κατὰ
1056 1611 1159 1678 τοῦτο
1174 1600 1274 1694 γόριν
1288 1609 1472 1694 ἐγνωκέναι
1486 1611 1538 1694 τῷ

231 1711 337 1796 κυρίῳ
360 1711 424 1778 τοῦ
444 1703 572 1794 κόσμου
594 1699 793 1792 ὀφείλοντες
812 1701 896 1776 καθ’
916 1699 935 1776 ό
958 1707 1109 1777 ἐνταῦθα
1125 1701 1416 1794 εόηγγελίσθησαν.
1453 1700 1539 1776 ἀλλὰ
1560 1714 1635 1776 lm

233 1803 319 1890 πρός
348 1809 409 1894 μὲν
438 1804 597 1888 τούτους,
631 1799 766 1876 όπόταν
796 1801 859 1874 τόν
884 1811 961 1893 περὶ
987 1799 1102 1892 ἅρχων
1125 1801 1403 1892 διαλαμβάνομεν
1426 1799 1538 1892 λόγον,

235 1901 457 1992 όκριβίστατα
479 1901 712 1994 διαλεξόμεθα·
735 1907 768 1976 οί
791 1897 977 1990 φιλόσοφοι
1000 1908 1035 1974 δὲ
1057 1895 1109 1974 ὧν
1130 1901 1353 1994 ἐμνήσθημεν,
1381 1899 1464 1992 παρ’
1489 1895 1540 1976 ὦν

235 2007 299 2094 τὴν
320 2010 450 2092 γένεσιν
472 2001 581 2092 κακὴν
602 2005 688 2074 είναι
707 2000 835 2088 ἀσεβῶς
858 1999 1068 2090 ἐκμαθόντες
1090 2006 1123 2074 οί
1146 2000 1213 2076 όπό
1230 2009 1435 2092 Μαρκίωνος
1456 2015 1539 2074 καθ-

184 2117 216 2168 15
234 2099 318 2192 όπερ
339 2109 416 2192 ίδίῳ
439 2099 579 2192 δόγματι
603 2101 849 2192 φρυόττονται,
882 2096 924 2172 οῦ
950 2099 1047 2188 φύσει
1073 2101 1182 2192 κακὴν
1203 2101 1387 2186 βούλονται
1410 2101 1540 2192 ταύτην

234 2204 331 2286 εἶναι,
361 2199 449 2274 ἀλλὰ
485 2209 527 2290 τῇ
564 2211 653 2292 φυγῇ
684 2210 726 2290 τῇ
757 2200 797 2272 τὸ
834 2197 960 2290 όληθές
990 2200 1154 2289 διιδοῦση·
1190 2198 1374 2290 κατάγουσι
1399 2202 1461 2290 γὰρ
1487 2207 1574 2274 ἐν·2

233 2309 345 2374 ταῦθα
366 2299 432 2391 τὴν
453 2299 565 2392 φυγὴν
586 2310 686 2373 θείαν
708 2293 812 2373 οὖσαν
830 2297 986 2389 καθάπερ
1010 2306 1058 2384 είς
1078 2298 1306 2390 κολαστήριον
1322 2301 1386 2372 τόν
1400 2297 1537 2392 κόσμον,

233 2396 529 2488 όποκαθαίρεσθαι
565 2405 600 2470 δέ
642 2417 714 2482 ταῖς
754 2405 1069 2491 ἐνσωματουμέναις
1104 2419 1225 2489 φυγαῖς
1260 2397 1422 2490 προσήκει
1458 2397 1536 2472 κατ’

232 2496 365 2582 αὐτοῦς.
407 2498 529 2572 κᾶστιν
556 2499 597 2572 τὸ
625 2498 731 2588 δόγμα
758 2506 863 2572 τοῦτο
893 2497 934 2572 οῦ
956 2521 1027 2583 τοῖς
1050 2495 1118 2571 όπὸ
1142 2507 1347 2588 Μαρκίωνος
1369 2503 1433 2584 ἐτι,
1464 2514 1574 2582 τοῖςθ

181 2607 215 2662 20
233 2605 268 2670 δέ
298 2603 577 2688 ἐνσωματοῦσθαι
611 2605 666 2670 καί
700 2605 931 2689 μετενδεῖσθαι
965 2607 1022 2671 καί
1052 2608 1306 2688 μεταγγίζεσθαι
1338 2597 1399 2683 τός
1429 2601 1537 2688 φυγὰς

231 2693 382 2784 ἀξιοῦσιν
408 2703 543 2782 οἰκεῖον,
574 2696 662 2786 πρὸς
688 2695 746 2782 οῦς
773 2697 878 2783 ἄλλος
901 2697 943 2770 όν
964 2703 1015 2790 εἴη
1036 2699 1152 2788 καιρός
1175 2704 1292 2787 λέγειν,
1324 2693 1470 2788 ὁπηνίκα
1493 2697 1536 2772 όν

230 2806 306 2888 περὶ
328 2801 436 2888 φυχῆς
459 2795 745 2888 διαλαμβάνωμεν.

310 2909 523 3002 Ἡράκλειτος
554 2920 637 3004 γοῦν
668 2921 817 3001 κακίζων
848 2919 1005 3002 φαίνεται
1037 2913 1101 3004 τὴν
1130 2922 1275 3004 γίνεσιν,
1307 2915 1443 2988 ἐπειδᾶν
1470 2923 1535 3006 φῇ·
1555 2931 1632 2997 14,ῖ

235 3008 425 3102 »γενόμενοι
453 3013 552 3101 ζώειν
577 3017 731 3086 ἐθέλουσι
753 3012 877 3102 μόρους
900 3010 934 3084 τ’
957 3015 1052 3103 ἔχειν,
1083 3021 1214 3103 μᾶλλον
1236 3019 1272 3086 δὲ
1294 3011 1535 3100 ἀναπαύεσθαι,

179 3131 213 3183 :¹5
230 3120 285 3182 καί
306 3117 430 3196 παῖδας
451 3119 693 3185 καταλείπουσι
714 3109 837 3202 μόρους
859 3119 1040 3202 γενέσθαι(
1078 3117 1180 3202 δῆλος
1202 3119 1237 3184 δὲ
1260 3111 1355 3204 αῦτῷ
1370 3113 1573 3204 συμφερόθ

230 3239 331 3300 μενος
352 3218 407 3283 καί
429 3208 652 3302 Ἐμπεδοκλῆς
674 3219 797 3301 λέγων·

438 3410 566 3484 κλαῦσό
589 3440 626 3483 τε
647 3419 703 3484 καί
724 3413 860 3484 κώκυσα
882 3415 968 3486 ίδών
990 3411 1163 3504 όσυνήθεα
1184 3421 1306 3504 χῶρον.

231 3543 286 3606 καί
308 3537 373 3606 ἔτι·

440 3664 477 3731 ἐκ
498 3665 559 3748 μὲν
581 3657 645 3749 γὰρ
668 3667 766 3747 ζωῶν
787 3664 894 3732 ἐτίθει
916 3661 1017 3752 νεκρὰ
1040 3657 1119 3734 εἲδε’
1143 3658 1300 3751 όμείβων.

315 3947 358 4003 M
374 3947 429 4018 ταί.
443 3947 518 4002 Ram.
531 3949 555 4014 2,
567 3951 585 4002 4
666 3947 703 4002 12
723 3947 777 4018 vgl.
795 3947 879 4010 Ζείιιι,
892 3947 1001 4002 Forsoh.
1014 3948 1051 4000 111
1065 3947 1090 4002 S.
1103 3949 1159 4006 38f
1239 3951 1351 4006 15-19
1371 3949 1424 4018 vgl.
1438 3951 1535 4005 Strom.

232 4031 241 4084 1
269 4033 314 4096 33,
332 4033 361 4094 3;
391 4031 473 4086 Plato
501 4031 615 4086 Phaedr.
634 4050 659 4103 p.
678 4031 736 4088 248.
759 4033 810 4088 249
897 4033 932 4088 17
958 4049 991 4085 τα
1012 4035 1201 4106 κολαστήριον
1224 4033 1279 4102 vgl.
1298 4033 1409 4106 φρουρά
1433 4033 1535 4089 Ρίιεεδ.

232 4131 256 4185 p.
278 4115 311 4169 62
328 4115 367 4180 B;
394 4117 586 4188 δεσμωτήριον
609 4115 715 4184 Κωίγί.
740 4133 765 4187 p.
783 4116 875 4172 4000
957 4116 996 4172 22
1015 4116 1070 4186 νηί.
1089 4135 1122 4172 τα
1146 4117 1326 4180 s.174‚17s
1402 4118 1467 4174 w
1483 4117 1533 4172 He·

231 4197 315 4254 raklit
341 4199 383 4254 Fr.
405 4199 439 4256 86
461 4199 536 4268 Byw.
558 4202 593 4256 20
615 4199 690 4254 Diels
784 4201 832 4256 27.
856 4201 905 4256 2⁰.
932 4201 956 4255 S.
975 4201 1048 4270 2⁰2,
1066 4201 1110 4256 21
1133 4200 1316 4273 Empedokles
1339 4201 1381 4256 Fr.
1401 4203 1535 4258 118125.

233 4283 280 4338 124
299 4281 372 4338 Diels

317 4533 354 4590 1⁸
381 4531 566 4607 ἀκριβέστερα
590 4535 636 4590 Wi
729 4537 766 4592 10
791 4535 913 4606 διιδοίση
936 4537 982 4590 Ma
1013 4534 1155 4606 διαδαῦσηι
1178 4537 1199 4590 L
1230 4535 1360 4606 διοδοέση
1387 4535 1454 4591 oder
1479 4539 1535 4592 διο-

229 4615 346 4686 θεεοῦαη
364 4617 438 4688 ffilg.
512 4621 552 4676 20
568 4622 790 4692 μεταγγίζεσθαι
809 4621 841 4674 L¹
859 4622 1077 4690 μετεγγίζεσθαι
1096 4621 1133 4674 L*
1207 4621 1246 4676 28
1269 4617 1383 4677 ἐπειδὰν
1401 4627 1440 4692 φῇ
1459 4621 1535 4676 Diels

230 4695 320 4758 ἔπειθ’
331 4697 368 4758 ἂν
385 4705 453 4774 φησί
470 4703 492 4758 1.
509 4701 602 4774 ἐπειδὴ
621 4722 689 4774 φησι
707 4707 833 4774 Βγιιειετ
921 4707 961 4762 29
981 4697 1046 4762 είδε’
1063 4705 1098 4774 Sy
1118 4703 1164 4774 ηδε
1181 4705 1203 4760 1.
