3704 5530
626 540 764 596 stromata
782 541 826 594 VI.
850 539 971 612 cap.v1.
989 543 1031 608 44,
1043 543 1136 606 5-47,
1147 543 1172 594 λ.
1484 551 1544 614 455

237 701 526 794 εὐαγγελίσασθαι,
563 701 678 792 ὥσπερ
716 709 903 794 κατῆλθεν,
941 701 1018 795 ἤτοι
1054 701 1185 789 πάντας
1214 701 1452 796 εὐηγγελίσατο
1479 711 1485 794 Ι
1520 701 1643 796 ἢίθλΡ

236 803 362 894 μόνους
384 799 561 894 Ἑβραίους.
598 811 627 876 εί
647 811 708 896 μέν
729 799 792 878 οῦν
814 803 955 888 πάντας,
978 803 1198 898 σωθήσονται
1219 803 1347 888 πάντες
1361 809 1394 876 οί
1411 803 1578 878 πιστεύθ

238 929 371 986 σαντες,
402 901 468 974 κόν
497 909 533 992 ἐξ
563 909 679 978 ἐθνῶν
709 899 807 988 ὄντες
839 905 995 994 τύχωσιν,
1027 902 1350 996 ἐξομολογησόμενοι
1378 901 1441 996 ἤδη
1465 909 1540 990 ἐκεί,

238 1007 309 1076 ἐπεὶ
336 1000 498 1094 σωτήριοι
523 1011 579 1076 καί
605 1011 816 1078 παιδευτικαί
838 1009 872 1078 αί
894 1003 1047 1086 κολάσεις
1070 1011 1133 1076 τοῦ
1154 1011 1240 1078 θεοῦ
1262 1011 1310 1088 είς
1331 1004 1543 1095 ἐπιστροφὴν

204 1101 378 1192 εὐγουσαι
403 1110 458 1174 καί
486 1103 550 1194 τὴν
576 1102 761 1194 μετάνοιαν
787 1111 849 1178 τοῦ
875 1101 1081 1196 ὐμαρτωλοῦ
1104 1112 1237 1196 μᾶλλον
1258 1101 1280 1194 ἢ
1303 1103 1364 1176 τὸν
1387 1101 1544 1178 θᾶνατον

238 1201 440 1292 αίρούμεναι,
462 1211 516 1274 καί
540 1211 647 1276 ταῦτα
668 1205 915 1292 καθαρῶτερον
937 1209 1055 1294 διορᾶν
1070 1209 1268 1296 δυναμένων
1282 1212 1356 1278 τῶν
1370 1202 1544 1293 σωμάτων

238 1299 510 1394 ἀπηλλαγμένων
538 1311 671 1393 τροχῶν,
702 1303 767 1378 κᾶν
797 1301 944 1378 πάθεσιν
974 1309 1237 1386 ἐπισκοτῶνται,
1268 1301 1322 1374 διὰ
1354 1303 1394 1376 τὸ
1424 1311 1542 1396 μηκέτι

239 1407 521 1488 ἐπιπροσθεισθαι
542 1411 682 1494 σαρκίρο·
704 1412 733 1477 εί
754 1411 789 1478 δὲ
805 1400 985 1486 Ἰουδαίους
1005 1403 1113 1494 μόνον
1127 1399 1373 1494 εὐηγγελίσατο,
1397 1405 1447 1488 οίς
1463 1407 1580 1478 ἕλει-4

239 1529 303 1571 πεν
327 1497 346 1590 ἡ
369 1501 424 1572 διὰ
447 1511 510 1574 τοῦ
531 1507 686 1594 σωτῆρος
708 1507 889 1594 ἐπίγνωσίς
912 1531 948 1574 τε
970 1511 1025 1576 καί
1046 1512 1168 1588 πίστις,
1191 1499 1296 1594 δῆλόν
1318 1531 1386 1578 που
1408 1499 1456 1590 ῶς
1478 1502 1543 1592 ἄρα

189 1617 221 1672 10
239 1595 566 1692 ὐπροοωπολήιιτου
596 1595 698 1686 ὄντος
730 1609 792 1674 τοῦ
823 1610 907 1676 θεοῦ
932 1611 987 1676 καί
1014 1607 1046 1676 οί
1077 1599 1277 1680 ὐπόστολοι.
1308 1599 1465 1692 καθάπερ
1492 1607 1543 1675 ἐν·

239 1705 360 1774 ταῦθα.
384 1694 497 1786 σῦτως
518 1699 613 1776 κύκει
635 1703 715 1785 τούς
736 1708 771 1791 ἐξ
793 1707 910 1776 ἐθνῶν
931 1707 1140 1792 ἐπιτηδείους
1161 1709 1208 1786 είς
1226 1701 1437 1794 ἐπιστροφὴν
1452 1697 1543 1794 εὐηγ-

239 1809 429 1889 γελίσαντο,
460 1809 515 1874 καί
545 1809 659 1888 καλῶς
690 1807 818 1892 είρηται
851 1809 902 1892 τῷ
928 1809 1079 1894 Ποιμένι·
1119 1809 1324 1892 »κατέβησαν
1351 1795 1414 1874 οῦν
1435 1797 1579 1892 <μετ’>ῦ

239 1896 355 1971 αὐτῶν
381 1905 427 1984 είς
455 1900 495 1974 τό
522 1895 628 1992 ῦδωρ,
661 1897 739 1976 ἄλλ’
761 1893 858 1976 οῦτοι
884 1909 945 1994 μὲν
971 1909 1097 1992 ζῶντες
1123 1909 1313 1994 κατέβησαν
1337 1910 1391 1976 καί
1416 1908 1543 1988 ζῶντες

238 1995 415 2124 ἀνέβησαν·
452 2005 573 2076 ἐκείνοι
600 2009 635 2075 δὲ
662 2007 693 2074 οί
719 2009 1020 2094 προκεκοιμημίνοι
1048 2007 1159 2092 νεκροί
1186 2008 1383 2092 κατέβησαν.
1415 2007 1542 2088 ζῶντες

187 2117 220 2170 1ο
237 2105 271 2170 δὲ
296 2107 483 2190 αι·ε’βησαν.ι

323 2224 386 2286 Ναί
417 2217 484 2307 μὴν
514 2225 567 2288 καὶ
599 2217 739 2308 σῶματύ
770 2245 849 2306 φησι
878 2221 918 2292 τό
942 2217 1135 2308 εὐαγγέλιον
1156 2219 1269 2290 πολλὰ
1292 2227 1365 2290 τῶν
1386 2246 1540 2310 κεκοιμη-
1559 2225 1635 2294 47ιῙ

237 2323 350 2404 μέντοι·
373 2313 588 2393 ὐνεοτόσθαι.
611 2323 657 2400 είς
680 2315 806 2407 ὐμείνω
822 2317 983 2408 δηλονότι
998 2325 1292 2408 μετατεθειμένων
1308 2316 1412 2404 τάξιν.
1449 2323 1541 2408 γέγο-

238 2445 295 2486 νεν
318 2415 382 2504 ἆρα
405 2445 456 2498 τις
477 2417 644 2506 καθολικίγ
666 2422 793 2508 κίνησις
815 2425 868 2490 καί
890 2416 1068 2508 μετάθεσις
1082 2417 1170 2490 κατὰ
1186 2415 1251 2506 τὴν
1265 2424 1464 2508 οἰκονομίαν
1479 2423 1542 2490 τοῦ

237 2519 401 2604 σωτῆρος.
437 2521 565 2596 δίκαιος
588 2523 705 2588 τοίνυν
726 2521 858 2588 δικαίου
878 2517 967 2590 καθό
990 2513 1118 2599 δίκαιός
1137 2521 1229 2588 ἐστιν
1244 2513 1286 2588 οὐ
1300 2521 1459 2606 διαφέρει,
1482 2513 1541 2590 ἐόν
1560 2528 1577 2582 2

186 2635 221 2690 εο
238 2643 274 2684 τε
303 2613 440 2702 νομικὸς
467 2609 485 2703 ᾖ
513 2613 573 2688 ἐόν
600 2645 635 2688 τε
650 2611 789 2707 Ἕλλην·
826 2613 867 2688 οὐ
894 2617 956 2706 γὰρ
978 2613 1148 2690 Ἰουδαίων
1172 2613 1302 2706 μόνων,
1332 2613 1479 2690 πάντων
1504 2622 1540 2688 δε

237 2713 439 2800 ἀνθρώπων
461 2711 480 2784 ό
503 2715 585 2798 θεὸς
605 2715 730 2802 κύριος.
754 2723 1016 2808 προσεχέστερον
1038 2722 1072 2788 δε
1096 2722 1170 2788 τῶν
1191 2713 1398 2804 ἐγνωκότων
1417 2714 1540 2808 πατήρ.

238 2819 265 2884 εί
288 2814 349 2902 γὰρ
372 2813 412 2886 τὸ
434 2821 548 2898 καλῶς
568 2821 664 2900 βιοῦν
685 2825 740 2888 καί
764 2825 913 2907 νομίμως
935 2821 1004 2888 ἐστὶ
1027 2821 1122 2900 βιοῦν
1142 2821 1197 2888 καί
1221 2813 1261 2888 τὸ
1283 2810 1432 2905 εὐλόγως
1445 2820 1578 2901 βισῦνδ

236 2913 324 2984 κατὰ
347 2911 453 3003 νόμον
474 2919 545 2986 ἐστί
567 2923 673 3000 βιοῦν.
696 2911 813 3004 ὀρθῶς
835 2923 869 2988 δέ
891 2913 1091 3003 βεβιωκότες
1113 2919 1146 2988 οί
1159 2914 1227 3004 πρὸ
1243 2911 1351 3006 νόμου
1364 2920 1411 2998 είς
1424 2920 1541 2988 πίστιν

237 3019 464 3102 ἐλογίσθησαν
489 3022 545 3086 καί
571 3022 694 3088 δίκαιοι
716 3018 800 3088 είναι
822 3019 1016 3104 ἐκρίθησαν,
1047 3011 1153 3106 δῆλόν
1174 3043 1243 3088 που
1263 3021 1318 3086 καί
1341 3015 1421 3096 τοῦς
1443 3015 1540 3096 ἐκτὸς

185 3131 219 3188 215
238 3109 344 3204 νόμου
374 3121 573 3204 γενομένους
603 3115 658 3188 διὰ
687 3117 750 3206 τὴν
780 3121 841 3204 τῆς
868 3121 975 3205 ψυχῆς
996 3109 1162 3204 ίδιότητα,
1189 3109 1305 3204 ὀρθῶς
1325 3111 1541 3200 βεβιωκότας.

238 3219 267 3282 εί
288 3221 343 3284 καί
365 3219 402 3284 έν
416 3207 531 3286 ’Ἃιδου
554 3219 678 3304 ἔτυχον
700 3209 797 3297 ὄντες
818 3223 873 3286 καὶ
896 3219 933 3286 ἐν
955 3219 1098 3307 φρουρᾷ,
1120 3211 1375 3298 ἐπακούσαντας
1396 3219 1458 3304 τῆς
1479 3219 1542 3286 τοῦ

236 3321 355 3398 κυρίου
377 3321 504 3402 φωνῆς,
528 3318 593 3386 είτε
617 3321 676 3404 τῆς
699 3311 901 3404 αὐθεντικὶγς
922 3319 989 3386 είτε
1010 3321 1065 3384 καλ
1087 3319 1148 3403 τῆς
1170 3312 1225 3386 διὰ
1248 3320 1321 3386 τῶν
1336 3309 1542 3388 ὐποστόλων

237 3411 443 3503 ἐνεργούσης,
467 3407 487 3502 ᾖ
511 3411 612 3503 τάχος
634 3419 881 3503 ἐπιστραφῆναί
902 3443 939 3484 τε
961 3421 1016 3486 καί
1035 3420 1220 3486 πιστεῦσαι.
1261 3411 1458 3504 μεμνήμεθα
1480 3413 1542 3502 γὰρ

238 3503 291 3582 ότι
324 3511 461 3602 δύναμις
487 3519 551 3586 τοῦ
576 3521 661 3586 θεοῦ
687 3517 778 3586 ἐστιν
805 3510 824 3586 ὁ
850 3513 978 3604 κύριος·
1013 3520 1069 3585 καί
1097 3508 1160 3584 οὐκ
1183 3511 1228 3586 ἄν
1248 3541 1335 3588 ποτε
1357 3509 1542 3605 ὐσθενὴσαι

186 3631 221 3686 30
237 3609 382 3702 δύναμις.
426 3605 538 3696 οῦτως
559 3613 651 3704 οίμαι
676 3619 871 3686 δείκνυσθαι
894 3611 1027 3703 ὐγαθόν
1046 3618 1109 3704 μὲν
1130 3612 1194 3686 τόν
1216 3609 1312 3696 θεόν,
1336 3611 1485 3684 δυνατόν
1506 3616 1578 3686 δὲι

239 3711 301 3782 τὸν
335 3711 453 3802 κύριον
487 3710 607 3802 σῴζειν
638 3715 721 3802 μετὰ
753 3713 964 3803 δικαιοσύνης
992 3721 1047 3785 καὶ
1075 3709 1234 3802 ίσότητος
1260 3719 1321 3802 τῆς
1349 3711 1435 3799 πρὸς
1462 3711 1541 3795 τοῦς

323 3973 366 4030 ίιί
381 3975 437 4046 vgl.
455 3974 552 4030 Ειευέι.
573 3975 612 4040 18,
629 3977 675 4040 23;
695 3977 736 4040 33,
755 3979 784 4032 11
858 3979 895 4032 10
914 3975 969 4044 vgl.
988 3979 1047 4030 Δια
1067 3979 1106 4042 10,
1124 3977 1171 4036 34;
1188 3973 1265 4028 Ram.
1283 3975 1308 4040 2,
1327 3977 1357 4028 11
1429 3971 1542 4028 12—15

237 4057 328 4112 Herm.
346 4057 411 4112 Sim.
432 4060 469 4116 ΙΧ
488 4061 528 4122 16,
546 4061 575 4124 δ;
599 4060 656 4130 vgl.
674 4063 772 4114 Strom.
792 4061 815 4114 ΙΙ
833 4063 875 4122 44,
893 4063 909 4114 2
979 4059 1042 4116 1ss
1058 4059 1113 4128 νηί.
1131 4058 1231 4114 Μειδία
1250 4061 1291 4124 27,
1304 4059 1337 4114 52
1407 4057 1473 4114 2⁰1
1487 4057 1543 4124 νςί.

237 4141 313 4197 Rom.
333 4145 356 4208 3,
375 4145 420 4206 29,
440 4145 479 4210 10,
498 4145 531 4198 12
613 4143 1027 4214 θθίτρί.ἐλδιυ.4,3;θ,3θ
1107 4143 1147 4198 θθ
1165 4141 1335 4212 ngIKor.
1355 4145 1377 4208 1,
1396 4143 1428 4198 24

326 4377 340 4430 1
369 4373 604 4448 εὐηγγελίοασθαι
634 4377 652 4430 L
735 4375 936 4448 εὐηγγελίσατο
964 4375 997 4432 Di
1023 4373 1263 4447 εὐαγγελίσασθαι
1289 4375 1309 4430 L
1408 4375 1447 4430 λθ
1475 4373 1543 4444 [καί]

238 4463 266 4512 st
350 4461 386 4518 12
414 4453 493 4530 μετ’,
519 4477 568 4516 αυτ
586 4461 677 4516 Hom
695 4479 721 4516 u.
740 4461 838 4516 strom.
857 4461 882 4514 11
964 4461 999 4516 λλ
1024 4457 1270 4528 μετατεθειμένωκ
1292 4475 1360 4514 υοπ.
1382 4475 1432 4514 εει
1457 4475 1542 4526 μετα·

238 4543 394 4612 τιθεμίνων
413 4545 446 4598 L¹
531 4545 571 4602 24
597 4543 788 4616 ἐλογίσθησαν
805 4561 873 4600 τοτε.
891 4563 941 4600 nus
963 4542 1171 4614 ἐκλογίσθηοαν
1188 4545 1223 4598 Ιδ
1303 4543 1343 4600 25
1364 4547 1458 4614 ψυχῆς
1475 4542 1543 4613 (vgl.

237 4629 334 4682 Strom.
357 4629 393 4684 Vl
411 4633 458 4696 θθ,
476 4631 502 4695 2)
525 4631 556 4684 st
577 4629 715 4698 φωνῆςΙι
737 4629 849 4698 φύσεως
866 4628 984 4686 Ηδεαὶιεί
1065 4630 1104 4684 20
1127 4623 1342 4694 ἐπακούσαντας
1362 4627 1398 4698 Sy
1421 4625 1542 4684 ἐπακοῦ·

238 4714 376 4778 σωτεςῐι
457 4715 497 4772 28
515 4703 532 4784 β
550 4715 585 4783 Sy
609 4713 625 4782 ἢ
645 4716 665 4770 1,
