3772 5532
607 519 746 576 stromata
763 520 796 576 11.
820 519 882 592 Cap.
896 519 995 576 xv111.
1013 523 1054 590 94,
1066 521 1159 586 2-96,
1170 523 1194 576 4.
1495 529 1552 592 165

244 679 288 752 τά
311 675 462 768 νεόφυτα
489 687 563 752 τών
591 687 740 769 δένδρων
768 687 821 754 ἐπί
845 691 997 772 τριετίαν
1021 685 1094 774 ἑξῆς
1118 695 1332 775 τιθηνεῖσθαι
1355 680 1417 766 τάς
1438 713 1473 754 τε
1497 713 1552 756 πε·

244 779 363 868 ριττάς
385 779 557 868 ἐπιφύσεις
579 776 848 870 ἀποτέμνοντας,
881 779 964 871 ὑπὲρ
991 790 1053 856 τοῦ
1074 783 1118 874 μῆ
1145 781 1357 874 βαρυνόμενα
1378 789 1552 871 πιέζεσθαι

245 887 301 952 καί
322 876 407 970 ύπέρ
430 886 493 953 τοῦ
513 880 558 972 μῆ
580 889 953 973 κατακερματιζομένης
976 890 1037 976 τῆς
1059 890 1188 974 τροφῆς
1210 879 1256 958 δι’
1273 887 1403 956 ἔνδειαν
1418 887 1552 972 ἐξασθε-

246 997 326 1066 νεῖν,
358 986 483 1068 γυροῦν
505 1009 541 1052 τε
564 987 620 1052 καί
645 979 899 1071 περισκάπτειν,
932 980 980 1066 ώς
1001 989 1106 1072 μηδὲν
1127 981 1413 1072 παραβλαστάνον
1434 983 1551 1072 κωλύη

209 1078 310 1170 ῦτῆν
340 1072 487 1169 αὔξησιν.
531 1077 594 1152 τόν
620 1109 658 1153 τε
683 1079 818 1170 καρπόν
848 1077 910 1153 σύκ
941 1085 979 1174 ἐᾷ
1009 1088 1192 1170 δρέπεσθαι
1218 1079 1322 1173 άτελῆ
1348 1086 1384 1169 ἐξ
1406 1079 1587 1160 άτελῶν,θ

244 1175 330 1252 άλλά
358 1178 444 1268 μετά
475 1187 627 1266 τριετίαν
657 1183 722 1252 ἔτει
754 1177 910 1270 τετάρτῳ
940 1181 1199 1270 καθιερώσαντα
1226 1181 1291 1271 τὴν
1317 1179 1473 1274 άπαρχῆν
1496 1191 1548 1270 τῷ

244 1284 317 1367 θεῷ
340 1277 425 1368 μετά
449 1275 490 1350 τό
518 1285 730 1370 τελεωθῆναι
753 1277 793 1352 τὸ
817 1285 966 1368 δένδρον.
1008 1277 1113 1371 εἴηδ’
1136 1279 1179 1354 ἂν
1201 1273 1303 1364 οὗτος
1324 1277 1343 1354 ό
1365 1288 1426 1372 τῆς
1448 1309 1548 1372 γεωρ
1566 1293 1643 1356 w

246 1383 321 1464 γίας
343 1375 451 1461 τύπος
473 1383 687 1462 διδασκαλίας
708 1375 847 1468 τρόπος,
878 1376 1050 1452 διδάσκων
1071 1385 1142 1452 δεῖν
1165 1379 1226 1464 τάς
1246 1380 1455 1470 παραφύσεις
1478 1390 1551 1454 τών

243 1472 421 1566 άμαρτιών
451 1475 649 1550 ἐπικόπτειν
678 1485 734 1550 καί
764 1485 825 1562 τὰς
855 1479 1178 1563 συναναθαλλούσας
1204 1487 1256 1570 τῷ
1278 1487 1406 1572 γονίμῳ
1427 1489 1549 1573 καρπῷ

190 1595 224 1646 1ο
243 1583 388 1666 ματαίας
409 1582 471 1666 τῆς
492 1581 626 1661 ἐννοίας
647 1575 744 1662 πόας,
767 1577 838 1650 ἔστ’
862 1575 905 1650 όν
928 1586 1097 1668 τελειωθῆ
1118 1585 1173 1650 καί
1196 1586 1331 1666 βέβαιον
1353 1587 1489 1671 γένηται
1508 1581 1549 1654 τό

242 1679 340 1764 ἔρνος
362 1681 423 1764 τῆς
445 1682 598 1760 πίστεως.
635 1683 688 1768 τῷ
711 1683 768 1765 [τε]
792 1675 855 1766 γάρ
879 1675 1035 1768 τετάρτῳ
1057 1681 1134 1763 ἐτει,
1156 1683 1228 1752 ἐπεὶ
1243 1687 1298 1752 καί
1313 1675 1440 1769 χρόνου
1456 1689 1549 1770 χρεία
1568 1691 1586 1746 2

242 1781 293 1866 τῷ
324 1781 566 1866 κατηχσυμένῳ
597 1784 754 1862 βεβαίως,
787 1773 806 1865 ἡ
837 1775 957 1864 τετράς
987 1784 1060 1850 τῶν
1090 1773 1225 1866 άρετών
1250 1785 1470 1868 καθιεροῦται
1497 1787 1548 1870 τῷ

241 1881 326 1966 θεῷ,
353 1881 416 1966 τῆς
437 1880 554 1966 τρίτης
575 1871 639 1966 ἤδη
661 1883 767 1966 μονῆς
789 1875 1023 1968 συναπτούσης
1044 1881 1100 1948 ἐπὶ
1124 1877 1188 1968 τῆν
1210 1883 1274 1950 τοῦ
1294 1887 1412 1966 κυρίου
1434 1877 1548 1966 τετάρ-

242 2001 306 2063 την
327 1969 522 2048 ύπόστασιν.

190 2107 223 2159 15
327 2097 431 2162 θυσία
454 2097 488 2164 δέ
511 2095 669 2174 αἰνέσεως
690 2087 774 2181 ύπέρ
797 2086 1088 2182 ὁλοκαυτώματα.
1129 2085 1249 2176 »οὗτος
1271 2091 1334 2184 γάρ
1349 2117 1434 2178 σοιι,
1458 2101 1547 2184 φησί,
1566 2102 1585 2158 ⁸
1602 2103 1687 2157 48οΡ

244 2194 401 2262 »δίδωσιν
423 2189 518 2280 ίσγόν
539 2196 677 2282 ποιῆσαι
699 2189 866 2280 δύναμιν.ι
899 2191 960 2264 ἐὰν
981 2197 1017 2263 δέ
1039 2201 1200 2283 φωτισθῆ
1223 2217 1276 2266 σοι
1298 2192 1341 2266 τά
1355 2189 1546 2283 πράγματα,

241 2290 357 2376 λαβών
377 2295 431 2360 καλ
454 2287 663 2380 κτησάμενος
684 2291 779 2380 ίσχύν
802 2295 839 2361 ἐν
864 2291 985 2378 γνώσει
1007 2299 1098 2364 ποίει
1120 2291 1269 2380 δύναμιν.
1310 2296 1464 2382 ἐμφαίνει
1485 2292 1584 2382 γάρί

241 2388 296 2460 διὰ
319 2387 457 2460 τούτων
479 2386 522 2460 τά
545 2417 581 2460 τε
604 2387 717 2480 άγαθά
740 2387 801 2474 τάς
823 2419 861 2462 τε
883 2390 1010 2482 δωρεάς
1031 2391 1123 2478 παρά
1145 2398 1208 2464 τοῦ
1232 2398 1317 2466 θεοῦ
1329 2403 1547 2492 χορηγεῖσθαι

241 2495 296 2560 καὶ
319 2495 389 2561 δεῖν
410 2485 505 2578 ἡμᾶς,
528 2486 707 2572 διακόνους
727 2495 930 2580 γενομένους
952 2497 1013 2582 τῆς
1035 2499 1131 2575 θείας
1152 2489 1299 2580 χάριτος,
1321 2500 1472 2579 σπείρειν
1486 2490 1547 2574 τάς

187 2601 224 2656 20
242 2593 305 2660 τοῦ
327 2593 413 2660 θεοῦ
434 2583 584 2670 εύποιίας
609 2596 666 2660 καλ
692 2588 773 2670 τούς
802 2585 1051 2680 πλησιάζοντας
1081 2589 1341 2678 κατασκευάζειν
1361 2588 1487 2672 καλούς
1509 2619 1544 2660 τε

241 2693 297 2758 καί
319 2681 483 2774 άγαθούς,
515 2691 571 2758 ίνα
593 2685 641 2770 ώς
663 2681 718 2760 ότι
744 2687 890 2777 μάλιστα
911 2683 930 2760 ό
952 2695 1015 2778 μὲν
1035 2689 1188 2778 σώφρων
1209 2693 1290 2774 τούς
1312 2693 1495 2780 ἐγκρατεῖς,
1527 2684 1546 2760 ό

241 2793 276 2858 δὲ
298 2781 452 2874 άνδρεῖος
474 2786 555 2870 τούς
577 2795 752 2876 γενναίους
773 2786 933 2871 συνετούς
955 2815 992 2859 τε
1014 2783 1033 2861 ό
1055 2785 1220 2878 φρόνιμος
1240 2799 1296 2860 καῖ
1318 2795 1446 2874 δίκαως
1465 2789 1546 2872 τούς

240 2891 389 2970 δικαίους
410 2893 537 2975 ἐκτελῆ.

237 3139 324 3208 μένης
345 3145 394 3206 τῆς
415 3144 524 3208 τροφῆς
542 3131 582 3194 δι’
598 3133 708 3194 ἐνδειαν
725 3135 905 3204 ἐξασθενεῖν,
923 3146 1028 3210 γυροῖν
1046 3157 1076 3196 τε
1093 3141 1142 3195 καί
1160 3137 1376 3212 περισκόπτειν,
1391 3135 1440 3196 ἵνα
1458 3139 1545 3210 μηδὲν

238 3229 295 3278 τῶν
322 3219 369 3280 ἐπί
394 3223 480 3296 ζημίη
506 3221 730 3294 παραθλαστάνη
751 3225 802 3292 την
825 3217 940 3292 αύξηοιν
960 3226 1079 3280 κωλῦον.
1114 3223 1164 3280 τόν
1185 3242 1215 3282 τε
1233 3225 1345 3296 καρπόν
1364 3224 1416 3282 οὐκ
1433 3221 1466 3302 ἐᾷ
1484 3225 1545 3298 δρέ-

236 3309 345 3364 πεσθαι
377 3304 451 3364 κατὰ
484 3307 638 3376 μετουσίαν
672 3299 860 3373 ἀπολαύσεως
877 3347 942 3372 ...,
977 3303 1071 3376 ἐπειδὴ
1102 3305 1202 3376 ἀτελὴς
1230 3305 1263 3374 έξ
1291 3307 1399 3366 ἀτελῶν
1428 3303 1545 3380 ἔμελλεν

237 3385 362 3448 ἔσεσθαι.
381 3419 414 3432 -
435 3390 509 3461 μετὰ
531 3389 561 3448 δέ
582 3391 708 3460 τριετίαν
726 3429 732 3443 .
747 3435 772 3447 ,.
791 3385 906 3448 δύναται
923 3395 1112 3463 τελειογονεῖν
1130 3387 1185 3448 ἔτει
1203 3391 1329 3466 τετάρτῳ
1346 3392 1420 3450 κατὰ
1439 3393 1544 3452 τέλειον

235 3471 373 3546 ἀριθμόν.
408 3472 521 3546 τετράδι
547 3473 577 3531 δέ
602 3469 711 3532 κελεύει
736 3473 892 3546 δρέπεσθαι
918 3475 968 3532 τόν
994 3477 1115 3548 καρπόν,
1145 3475 1179 3534 οό
1200 3475 1273 3548 πρός
1290 3473 1457 3544 ἀπόλαυσιν,
1483 3474 1546 3536 ἀλλ’

235 3553 306 3614 δλον
325 3557 412 3614 αὐτὸν
429 3561 586 3628 καθιεροῦν
604 3554 735 3629 ἀπαρχὴν
753 3565 793 3632 τῷ
810 3561 879 3632 θεῷ.

323 3675 360 3732 15
379 3693 412 3730 zu
430 3673 786 3744 θυσία-ὁλοκαυτώματα
804 3677 860 3748 vgl.
873 3677 1055 3746 Ρεε1.49,23;
1076 3681 1116 3743 50,
1130 3680 1186 3736 18f
1254 3681 1315 3736 151
1330 3679 1409 3736 Dent.
1422 3681 1447 3748 8,
1460 3681 1493 3736 18

238 3761 352 3816 15—28
371 3759 426 3830 vgl.
440 3759 520 3816 Philo
538 3759 578 3814 De
595 3777 648 3814 car.
661 3761 694 3816 23
715 3752 812 3825 »οὗτος
829 3759 884 3832 γάρ
903 3779 973 3828 σοιι,
992 3763 1067 3832 φησί,
1089 3765 1214 3819 »δίδωσιν
1232 3763 1310 3836 ίσχίν
1329 3771 1446 3834 ποιῆσαι
1463 3759 1545 3820 δόνα-

234 3864 310 3912 μινι.
328 3874 360 3884 -
378 3839 430 3900 ἐόν
452 3843 494 3910 δέ,
517 3845 614 3914 φησίν,
632 3843 758 3916 εέρωοτῆ
779 3861 825 3900 σοι
841 3843 877 3902 τὰ
896 3845 1063 3918 πράγματα,
1081 3844 1179 3920 λαβὼν
1195 3849 1244 3904 καί
1261 3847 1438 3918 κτησόμενος
1456 3845 1543 3920 ίογίυ,

235 3929 270 4000 ῆν
292 3925 360 3994 ίσανς
382 3927 417 3984 ού
440 3928 663 4002 προσεδόκησας,
687 3929 762 3984 ποίει
784 3923 910 3998 δύναμιν.
929 3959 962 3970 -
978 3931 1034 4000 χρῆ
1057 3929 1086 3986 δέ
1104 3933 1152 3986 καί
1170 3929 1221 3987 τόν
1239 3931 1381 4004 φρόνιμον
1398 3935 1447 3988 καί
1465 3929 1541 4004 αἰγχί·

235 4031 315 4078 νουν,
343 4007 383 4078 ὼς
406 4007 446 4068 ἔνι
469 4011 606 4082 μάλιστα,
633 4009 781 4078 τοιούτους
803 4015 852 4068 καί
869 4011 934 4078 τοὺς
952 4013 1159 4083 πλησιάζοντας
1175 4015 1407 4084 κατασκευάζειν,
1425 4019 1476 4072 καί
1492 4018 1542 4072 τὸν

233 4092 373 4168 αόιφρονο
399 4093 546 4168 ἐγκρατεῖς
572 4099 621 4152 καί
650 4097 797 4168 γενναίους
823 4095 873 4153 τόν
899 4093 1031 4168 ἀνδρεῖον
1055 4101 1102 4154 καί
1130 4097 1181 4154 τόν
1207 4101 1318 4156 δίκαιον
1344 4101 1468 4164 δικαίους
1493 4103 1540 4156 καί

233 4182 360 4249 συνόλως
377 4177 506 4251 όγαθσός
523 4179 573 4238 τόν
592 4179 713 4253 ἀγαθόν.

321 4415 339 4471 4
359 4421 463 4486 γυροῦν
481 4413 519 4470 Po
536 4431 584 4469 ται
597 4413 677 4469 Philo
696 4413 784 4486 ἀροῦν
803 4415 824 4470 L
905 4419 924 4472 θ
941 4413 1161 4488 καθαρεύσαντα
1174 4419 1213 4474 Ρο
1230 4413 1450 4492 καθιερώσαντα
1469 4419 1490 4473 L

234 4499 254 4556 8
277 4493 365 4563 τύπος
386 4499 567 4564 διδασκαλίας
587 4499 704 4570 τρόπος]
726 4499 833 4572 τρόπος
854 4501 1033 4566 διδασκαλίας
1054 4496 1141 4568 τόπος
1161 4503 1206 4558 Mu
1276 4499 1453 4574 παραφύοεις
1468 4505 1495 4563 ίυ
1513 4503 1541 4556 in

234 4581 308 4650 nn.)
327 4583 360 4636 L¹
443 4583 599 4652 11[τε]8ί
681 4585 718 4640 18
741 4587 993 4658 θεῷμιίιτεςεο
1011 4605 1041 4643 τε
1060 4589 1103 4656 11)
1121 4587 1200 4643 θοίνα
1279 4595 1369 4656 μονῆς
1386 4587 1465 4658 Bigg,
1483 4587 1541 4642 The

232 4665 334 4722 Christ„
354 4667 424 4722 Plu.
442 4667 474 4724 os
489 4667 566 4724 Alex.
585 4687 609 4738 p.
622 4667 674 4723 67²
690 4667 780 4738 μόνης
797 4668 818 4724 L
889 4671 927 4726 λθ
946 4671 1085 4742 φωτισθῆ]
1105 4669 1231 4746 εόρωστῆ
1249 4671 1330 4728 Philo
