3772 5532
575 542 715 598 stromata
731 542 765 598 II.
788 543 851 614 Cap.
866 542 964 600 XVIII.
981 543 1163 611 88‚1-91‚2.
1464 551 1521 614 161

218 700 386 792 ἀποκείρει
409 710 469 794 τῆς
492 703 709 794 αἰχμαλώτου
729 713 785 776 καί
807 705 869 788 τάς
891 713 1015 796 τρίχας,
1039 709 1092 777 ίνα
1116 705 1179 776 τὸν
1199 704 1401 794 έφύβριστον
1416 711 1522 777 δυσω-

216 802 305 894 πὴοη
328 807 452 892 ἔρωτα·
475 809 504 875 εί
525 803 589 894 γάρ
611 803 770 894 λογισμὸς
792 801 971 878 ἀναπείθει
987 812 1098 896 γῆμαι,
1120 813 1175 876 καί
1191 809 1373 896 γενομένης
1388 809 1523 894 αίοχράς

217 899 403 991 ἀνθέξεται.
432 906 550 976 ἔπειτα
571 900 630 976 έάν
653 933 705 988 τις
727 911 789 995 τῆς
810 907 990 994 ἐπιθυμίας
1004 903 1196 992 κατάκορος
1211 901 1390 994 γενόμενος
1404 911 1523 994 μηκέτι
1542 917 1559 972 2

216 1022 394 1076 κοινωνεῖν
413 1011 456 1092 τῇ
478 1002 683 1092 αἰχμαλώτῳ
706 1003 909 1092 καταξιῶση,
931 1010 1014 1094 μηδέ
1035 1001 1239 1092 ,πιπράσκειν
1254 1001 1383 1094 ταύτην
1401 1007 1523 1090 ἐξεῖναι

184 1099 444 1188 οδιατάττεται,
467 1099 553 1174 ἀλλά
574 1107 656 1191 μηδὲ
679 1105 728 1174 έτι
751 1099 964 1192 θεράπαιναν
987 1105 1082 1192 ἔχειν,
1105 1107 1290 1194 ἐλευθέραν
1312 1109 1347 1174 δέ
1367 1105 1452 1176 είναι
1467 1109 1522 1174 καί

216 1210 276 1292 τῆς
299 1207 446 1286 οίκετίας
468 1199 750 1274 ἀπαλλάττεσθαι
772 1200 938 1288 βούλεται,
962 1201 1010 1288 ῶς
1030 1202 1075 1292 μὴ
1098 1201 1256 1292 γυναικὸς
1279 1205 1394 1291 ἑτέρας
1416 1206 1523 1274 έπειο·

215 1302 380 1394 ελθούσης
401 1299 498 1390 πάθη
521 1331 554 1374 τι
576 1308 650 1372 τῶν
671 1301 758 1373 κατά
781 1311 990 1392 ζηλοτυπίαν
1009 1311 1012 1387 ί
1032 1299 1237 1392 ἀνηκέστων.
1539 1308 1623 1364 ίῖθΡ

302 1411 337 1474 Τί
358 1408 409 1486 δέ;
439 1409 495 1473 καί
518 1405 656 1490 έχθρῶν
680 1397 845 1490 ύποζύγια
868 1397 1133 1490 άχθοφοροῦντα
1155 1409 1446 1488 συνεπικουφίζων
1466 1405 1522 1470 καί
1540 1409 1617 1474 θθ,ι

214 1507 414 1592 συνεγείρειν
440 1496 644 1588 προστάσσει
672 1497 858 1590 πόρρωθεν
885 1498 1055 1572 διδάσκων
1077 1497 1163 1591 ἡμᾶς
1184 1496 1203 1573 ὁ
1225 1499 1339 1590 κύριος
1361 1504 1523 1588 ἐπιχαιρε-

169 1621 198 1672 1ο
213 1609 336 1672 κακίαν
356 1599 401 1688 μέγ
424 1596 634 1686 ἀσπάζεσθαι
655 1605 737 1688 μηδὲ
759 1596 944 1690 ἐφήδεσθαι
966 1617 1040 1682 τοῖς
1061 1603 1209 1689 ἐχθροῖς,
1236 1604 1290 1671 ίνα
1313 1598 1451 1681 τούτοις
1472 1603 1522 1688 έγ·

214 1706 485 1790 γυμνασαμένους
499 1695 584 1788 ύπέρ
600 1706 674 1770 τῶν
688 1703 823 1788 ἐχθρῶν
837 1697 1081 1788 προσεύχεσθαι
1101 1696 1224 1787 διδάξῃ.
1259 1691 1337 1772 ούτε
1357 1698 1418 1788 γάρ
1434 1709 1522 1786 φθο-
1540 1713 1558 1768 2

214 1819 285 1872 νεῖν
306 1804 363 1872 καί
385 1804 440 1871 έπί
462 1817 536 1881 τοῖς
561 1805 624 1870 τοῦ
649 1805 755 1883 πέλας
781 1795 925 1888 ἀγαθοῖς
951 1808 1133 1872 λυπεῖσθαι
1158 1805 1330 1888 προσῆκεν
1356 1795 1433 1870 ούδί
1454 1797 1522 1888 μὴν

213 1904 267 1970 ἐπί
289 1917 363 1980 τοῖς
385 1905 448 1971 τοῦ
468 1907 616 1988 πλησίον
636 1918 752 1982 κακοῖς
775 1896 903 1990 ἡδονὴν
924 1905 1149 1988 καρποῦσθαι.
1189 1895 1272 1970 »κάν
1293 1895 1522 1986 πλανώμενον

212 2005 364 2088 μέντοιι.
395 2005 512 2087 φησίν,
547 2001 691 2086 ιίχθροῦ
722 2027 816 2081 τινος
846 1993 1031 2088 ύποζύγιον
1062 1991 1174 2086 εύρης,
1206 1996 1250 2070 τά
1272 2003 1333 2086 τῆς
1355 2001 1522 2086 διαφορᾶς

169 2117 196 2170 15
213 2098 419 2186 παραλιπὼν
440 2093 680 2186 ύπεκκαύματα
703 2093 890 2187 ἀπαγαγῶν
912 2095 1067 2181 ἀπύδοςπ
1107 2105 1150 2186 τῇ
1172 2095 1236 2186 γάρ
1258 2091 1425 2190 ἀμνηστίᾳ
1448 2096 1520 2167 έπε-

213 2227 269 2268 ται
290 2193 311 2286 ἦ
334 2192 583 2284 καλοκάγαθία,
610 2205 665 2267 καί
688 2195 797 2283 ταύτῃ
819 2193 840 2286 ἡ
862 2203 924 2287 τῆς
946 2200 1070 2287 ἔχθρας
1092 2193 1248 2280 διάλυσις.
1290 2199 1454 2267 έντεῦθεν
1475 2201 1559 2278 είςθ

213 2291 378 2386 ὁμόνοιαν
399 2292 679 2385 καταρτιζύμεθα,
703 2295 724 2386 ἢ
746 2300 781 2366 δὲ
804 2301 850 2380 είς
872 2293 1086 2386 εὐδαιμονίαν
1109 2312 1313 2386 χειραγωχεί.
1355 2293 1421 2365 κάν
1443 2323 1521 2366 τινα

213 2402 247 2482 ἐξ
269 2400 371 2478 ἔθους
392 2392 517 2483 ίχθρὸν
538 2390 721 2484 ύπολάβος,
744 2391 1058 2486 παραλογιζόμενον
1080 2401 1115 2466 δέ
1138 2401 1265 2466 τοῦτον
1288 2389 1421 2483 ἀλόγως
1442 2389 1520 2482 ἤτοι

213 2499 374 2586 έπιθυμίςι
411 2489 431 2584 'I
467 2500 521 2565 καί
559 2501 658 2584 θυμῷ
694 2492 905 2584 καταλάβῃς,
947 2499 1156 2584 ἐπίστροφον
1198 2489 1306 2565 αύτόν
1341 2498 1387 2576 είς
1422 2501 1520 2564 καλο-

168 2616 198 2662 ·.υ
213 2592 390 2684 κάγαθίαν.

292 2689 372 2783 Ἀρα
399 2689 462 2782 ἤδη
488 2701 736 2780 καταφαίνεται
762 2689 1014 2780 φιλάνθρωπος
1038 2700 1095 2764 καί
1120 2689 1264 2782 χρηστὸς
1286 2685 1305 2763 δ
1329 2685 1445 2780 νόμος,
1480 2683 1518 2762 »δ
1536 2710 1613 2770 91.1

215 2799 259 2877 είς
275 2792 426 2882 Χριστὸν
446 2797 705 2880 παιδαγωγῶν,ι
731 2789 812 2874 θεός
834 2819 872 2864 τε
894 2787 913 2862 ὁ
934 2789 1036 2876 αύτδς
1052 2789 1182 2882 ἀγαθὸς
1196 2790 1281 2882 μετά
1296 2787 1517 2878 δικαιοσύνης,

217 2889 276 2966 ἀπ’
300 2889 403 2982 ἀρχῆς
433 2897 479 2974 είς
509 2897 608 2974 τέλος
639 2885 769 2980 ἑκάστῳ
801 2897 889 2980 γένει
917 2899 1106 2979 προσφυῶς
1137 2897 1183 2974 είς
1209 2897 1383 2982 σωτηρίαν
1404 2917 1518 2978 κεχρη-

215 2999 332 3081 μένοςς
366 2995 527 3076 ιέλεᾶτεμ
554 2997 657 3082 φησίν
678 2984 697 3061 ὁ
719 2986 848 3076 κύριος,
874 2991 948 3062 τίνα
969 2994 1146 3080 ίλεηθῆτε·
1176 2988 1304 3078 ἀφίετε,
1326 2993 1381 3060 ίνα
1403 2983 1516 3076 ἀφεθῇ
1536 3001 1554 3056 θ

298 3147 344 3204 δέ
366 3147 421 3218 ng.
441 3145 526 3202 Exod.
545 3146 590 3209 23,
608 3149 638 3206 ὃς
664 3145 742 3202 θεαί.
761 3147 836 3210 224
917 3145 1012 3204 8-18
1039 3143 1172 3200 Philode
1194 3160 1249 3198 οετ.
1268 3147 1301 3199 15
1329 3138 1384 3198 κάν
1406 3139 1519 3214 έχθρῶν

214 3229 350 3302 έποζίγια
369 3229 592 3302 ἀχθοφοροῑνεα
609 3235 649 3302 τῷ
667 3227 750 3302 βάρει
768 3229 921 3287 πιεσθέντα
940 3229 1069 3300 προπέοη
1080 3228 1238 3300 (προσπέσῃ
1250 3227 1324 3296 IISS)
1342 3267 1389 3282 ...
1408 3243 1519 3282 συνεπι-

212 3319 347 3386 κουφίσαι
364 3317 413 3370 καί
432 3321 593 3385 σι’νεγεῖραι
611 3317 657 3380 (ευ.
670 3313 862 3386 προστάσσει),
881 3314 1034 3386 πόρρωθεν
1053 3311 1249 3370 ἀναδιδάσκειν
1265 3311 1299 3368 τδ
1310 3315 1349 3382 μη
1363 3320 1422 3378 τοῖς
1434 3309 1518 3384 ἀβου-

213 3403 306 3470 λιίτοις
323 3406 380 3456 τῶν
398 3397 601 3470 έχθρανάντων
619 3396 782 3468 έφηδεσθαι,
800 3397 944 3470 βαθύμηνι
962 3397 1058 3462 πάθος
1076 3391 1309 3468 ἐπιχαιρεκακίαν
1327 3393 1422 3460 είδάις,
1441 3393 1517 3452 ἀδελ·

213 3485 268 3552 φύν
291 3483 365 3553 ὁμοί·
386 3486 435 3540 καί
458 3481 614 3540 ἀντίπαλον
637 3483 755 3552 φθίνον.
774 3513 807 3522 -
826 3479 843 3538 ὃ
859 3481 912 3551 μὲν
930 3477 977 3538 έπί
994 3489 1054 3546 τοῖς
1071 3489 1121 3536 τοτ’·
1139 3479 1227 3545 πέλας
1245 3479 1368 3552 ἀγαθοῖς
1385 3479 1483 3550 λύπην,
1503 3479 1520 3550 II

212 3569 241 3627 δὲ
267 3566 314 3624 έπί
341 3577 401 3632 τοῖς
428 3577 478 3624 τοῦ
500 3569 620 3636 πλησίον
645 3575 745 3631 κακοῖς
771 3569 874 3636 ηδονίχν
898 3563 1098 3638 ἀπεργάζεται.
1180 3565 1216 3620 11
1237 3565 1293 3635 ταί.
1311 3565 1412 3621 Ματθία.
1430 3568 1454 3630 6,
1471 3569 1518 3628 λίς

214 3654 278 3709 Luk.
297 3657 322 3718 6,
340 3655 374 3708 28
455 3653 568 3708 11-16
587 3651 642 3720 vgl.
661 3650 808 3706 Androni&
827 3651 868 3706 De
886 3651 974 3706 affect„
993 3669 1017 3722 p.
1039 3651 1119 3716 13,1;
1138 3651 1206 3716 20‚1
1226 3649 1376 3704 Kseuttner
1445 3649 1519 3704 1³-

214 3741 250 3794 15
269 3737 325 3808 vgl.
343 3735 430 3792 Ειοδ.
448 3739 490 3801 23,
507 3741 538 3802 4;
565 3736 644 3791 θεοί.
663 3737 736 3798 22,1
828 3735 909 3792 Philo
928 3735 962 3790 de
980 3751 1034 3789 σοι.
1054 3737 1086 3790 16
1115 3729 1171 3788 κᾶν
1197 3729 1385 3802 πλανώμενον
1411 3731 1517 3801 μέντοι,

212 3824 303 3892 φησίν,
331 3819 437 3892 ἐχθροῦ
463 3839 540 3884 τινος
565 3817 624 3889 ίδης
650 3817 812 3890 ὑποζύγιον,
837 3819 873 3876 τά
895 3825 945 3888 τῆς
966 3820 1108 3890 διαφορᾶς
1126 3814 1296 3888 παραλιπὼν
1314 3815 1519 3885 ὑπεκκαύματα

211 3905 377 3980 βαρυτέροις
400 3905 497 3976 ἤθεσιν
521 3901 680 3975 ἀπαγαγὼν
699 3903 815 3970 ἀπόδος.
851 3903 885 3960 οί·
906 3903 962 3975 γὰρ
985 3899 1095 3960 ἐκεῖνον
1112 3905 1222 3970 μᾶλλον
1241 3899 1351 3970 ὀνήσεις
1370 3901 1385 3970 ἢ
1405 3901 1516 3957 σαυτόν.

212 3989 305 4062 ἐπειδη
327 3997 368 4064 τῷ
389 3989 443 4058 μὲν
460 3985 568 4060 ἄλογον
587 3992 661 4062 ζῷον
742 3989 928 4060 περιγίνεται,
950 3990 997 4044 σοί
1015 3986 1044 4043 δὲ
1126 3983 1335 4056 καλοκάγαθία.
1370 3979 1469 4040 έπεται
1487 3985 1516 4040 δὲ

275 4083 324 4144 τῆς
341 4071 447 4148 ἔχθρας
464 4073 594 4138 διάλυσις.
607 4105 640 4114 -
653 4081 737 4129 τοίτο
756 4071 786 4130 δὲ
803 4072 926 4142 μάλιστα
944 4071 1076 4146 βούλεται
1095 4111 1141 4126 ...
1161 4067 1177 4124 ὁ
1197 4066 1351 4142 ίερύιτατος
1369 4070 1517 4140 προφήτης

211 4158 439 4228 κατασκευάζειν,
466 4157 615 4228 δμάνοιαν,
641 4158 802 4226 κοινωνίαν,
829 4153 1032 4228 ὁμοφροσύνην
1050 4195 1116 4220 ...,
1135 4151 1165 4221 ἐξ
1187 4143 1229 4209 ἀιν
1251 4151 1338 4210 οἰκίαι
1354 4155 1404 4208 καί
1421 4153 1517 4216 πόλεις

274 4245 315 4310 είς
332 4248 382 4314 την
401 4241 538 4302 ἀνωτάτω
556 4241 727 4316 προέλθοιεν
745 4241 933 4310 είδαιμονίαν.
1015 4239 1080 4296 211
1095 4239 1155 4294 Gal.
1168 4239 1193 4306 3,
1205 4239 1238 4291 24
1307 4236 1516 4300 24—s.162,8

211 4347 258 4384 auu
283 4329 292 4382 I
312 4328 395 4384 Clam.
414 4327 450 4382 οδ
468 4329 528 4384 Cor.
549 4331 588 4390 13.
607 4329 636 4390 2;
663 4327 718 4396 ταί.
736 4325 832 4390 Βεεοίι,
851 4325 982 4396 Agmpha
998 4325 1065 4394 [τος.
1083 4325 1100 4376 2
1118 4323 1143 4378 S.
1164 4323 1254 4386 130&
1281 4321 1311 4377 E.
1329 4320 1432 4386 Nestle,
1451 4319 1515 4374 Ein-

211 4415 280 4468 fflbr.
301 4413 331 4468 in
349 4413 375 4468 d.
394 4411 502 4468 Griecb.
521 4411 596 4466 Neue
613 4411 704 4466 Τέω.2
722 4411 747 4464 S.
767 4413 813 4465 121
834 4410 990 4481 (Mischung
1012 4426 1060 4464 ουτ
1078 4405 1178 4460 matth.
1197 4410 1220 4472 θ,
1239 4409 1267 4470 ’ἲ;
1290 4407 1314 4470 6,
1334 4406 1399 4472 14f;
1424 4407 1452 4472 7,
1471 4405 1515 4468 12;

213 4497 278 4554 Luk.
296 4499 320 4566 6,
338 4499 383 4562 38;
407 4496 616 4560 Matth.7.1s;
640 4495 706 4550 Luk.
724 4497 749 4560 6,
767 4496 799 4549 37
810 4494 834 4562 I)

295 4617 314 4668 6
332 4611 472 4676 οἰκετείας
489 4611 522 4666 Di
603 4614 616 4668 ί
638 4608 799 4682 ἀνηκέστων
823 4611 861 4666 Ρο
879 4627 928 4665 aus
947 4609 1027 4664 Philo
1046 4605 1204 4678 ἀνήκεστον
1223 4607 1243 4660 L
1325 4607 1360 4663 17
1381 4601 1435 4662 κάν
1454 4626 1517 4662 τινα

212 4697 299 4754 nina
314 4693 369 4754 κάν
387 4697 436 4753 τὸν
455 4699 476 4752 L

270 4785 379 4830 clemen·
393 4783 425 4828 11.
1277 4779 1307 4832 ll
