3760 5534
659 569 798 626 stromata
815 570 861 627 IV.
883 569 947 642 Cap.
961 569 1019 626 v11.
1036 573 1077 638 51,
1090 571 1182 638 2—55,
1193 573 1217 626 ί.

277 735 351 806 είτα
373 735 540 820 ἐπιφέρει·

1076 821 1185 888 ταῦτα
1206 823 1257 888 δει

530 921 660 1005 στέγειν
682 909 768 1004 ῦπερ
789 921 841 988 δεῖ
860 915 948 988 κατὰ
971 915 1072 1004 φύσιν
1094 923 1284 1006 διεκπερᾶν·

530 1011 571 1088 σύ
592 1015 705 1088 δεινόν
728 1013 827 1088 οῦδὲν
848 1023 923 1088 τῶν
944 1011 1140 1106 ἀναγκαίων
1160 1023 1304 1106 βροτοῖς.

242 1197 259 1250 ὁ
361 1179 543 1271 Πρόκειται
569 1189 604 1254 δὲ
633 1201 705 1266 τοῖς
732 1187 778 1268 είς
800 1193 976 1256 τελείωσιν
997 1181 1240 1255 σπεύδονσιν“
1221 1214 1241 1274 η
1264 1193 1388 1276 γνιῦσις
1409 1181 1429 1276 6
1454 1181 1582 1306 λοχικὴ,
1600 1199 1676 1266 ΜΛ

278 1273 317 1370 ἧς
339 1279 537 1371 θεμίλιος“
518 1311 538 1372 η
560 1277 638 1372 όχία
660 1279 764 1372 τριύς,
790 1291 930 1368 νπίστις,
953 1281 1101 1366 ίίπίς,’
1081 1279 1206 1374 αχόπη·
1242 1291 1365 1375 μείζων
1387 1290 1423 1356 δὲ
1445 1283 1583 1356 τούτων

278 1377 460 1470 ἡόχόπη.«
507 1376 619 1471 όμέίει
645 1377 777 1456 »πάντα
798 1385 936 1470 ἔξεστιν,
963 1379 1038 1456 ἄλλ’
1062 1379 1103 1454 06
1124 1379 1239 1455 πάντα
1260 1391 1432 1473 συμφέρει·
1467 1380 1619 1455 πόνταθ

277 1483 415 1568 ἔξεστιν,
438 1477 512 1554 ἀλλ’
536 1477 578 1553 ού
598 1479 713 1554 πάντα
735 1487 934 1572 σίκσδομειι,
962 1477 1104 1573 φησίν
1086 1513 1105 1554 σ
1127 1477 1329 1566 όπόστοίσς.
1372 1490 1428 1554 καί
1453 1488 1583 1574 »μηδείς

279 1577 318 1650 τό
341 1580 466 1652 ἑαυτοῦ
489 1588 631 1670 ζητείτω
652 1581 770 1670 μόνον,
793 1580 881 1655 ἀλλὰ
901 1589 956 1654 καὶ
978 1581 1019 1654 τό
1043 1587 1105 1654 τοῦ
1127 1583 1274 1671 ίτίρονι,
1297 1581 1345 1667 οῦς
1365 1601 1477 1655 ποιεῖν
1496 1577 1583 1674 όμοῦ

227 1691 260 1746 10
277 1684 332 1750 καὶ
359 1675 528 1752 διδάσκειν
558 1679 723 1752 δύνασθαι
753 1687 999 1772 οἰκοδομοῦντα
1024 1687 1080 1754 καί
1102 1685 1403 1772 ἐποικοδομοῦντα.
1446 1675 1501 1754 ότι
1522 1689 1619 1772 pm

277 1777 340 1868 γὰρ
366 1807 446 1850 »του
432 1777 626 1866 'xvolov‘
607 1809 627 1870 η
650 1787 692 1870 χὴ
713 1789 768 1853 καὶ
792 1781 832 1854 τό
854 1779 1024 1871 πλήρωμα
1047 1776 1180 1870 αύτῆςι,
1208 1777 1433 1872 ωμσλόχηται,
1465 1777 1538 1854 ἀλλ’
1561 1777 1582 1872 6

277 1883 462 1968 συνείδησις
493 1885 556 1949 τοῦ
586 1875 817 1964 όσθενοῦντος
846 1877 1063 1970 ύποφέρεται.
1108 1885 1375 2002 »σννείδησινδὲ
1397 1888 1486 1972 λέγω
1509 1877 1619 1970 ούχίί

276 1976 342 2067 τὴν
364 1979 494 2062 ἑαυτοῦ,
523 1971 609 2050 όίίά
633 1978 697 2069 τὴν
718 2010 782 2053 του
767 1981 927 2070 ίτίρσυ.
970 1983 1027 2051 ίνα
1048 1986 1083 2050 τί
1104 1979 1167 2069 γὰρ
1189 2009 1210 2069 η
1199 1975 1408 2068 “ίλευθερία
1428 2009 1494 2070 μου
1514 1987 1583 2067 κρί·

278 2104 372 2149 νεται
393 2071 461 2148 ῦπό
484 2075 589 2166 ἄλλης
611 2076 845 2168 συνειδήσεως
874 2085 903 2150 εί
924 2079 990 2168 ἐγὼ
1009 2075 1123 2201 χόριτι
1144 2085 1284 2168 μετέχω,
1314 2087 1350 2152 τί
1370 2085 1582 2170 βλασφημοῦ-

226 2197 258 2251 15
276 2204 334 2266 μαι
365 2171 449 2265 ύπὲρ
480 2169 521 2248 οῦ
552 2178 619 2266 ἐγώ
651 2173 852 2298 εύχαριστῶ;
883 2181 948 2250 είτε
980 2171 1042 2252 σῦν
1072 2183 1260 2250 eumen*
1231 2207 1298 2250 ειτε
1318 2183 1488 2252 πίνετε”
1458 2207 1526 2250 ειτε
1548 2209 1582 2251 τι
1659 2191 1665 2202 “

276 2293 418 2353 ποιεῖτε,
448 2273 564 2398 26616
595 2282 641 2360 είς
671 2273 775 2363 δόξαν
807 2283 893 2350 θεοῦ
924 2297 1078 2350 ποιεῑτεπ
1137 2281 1191 2349 »ἐν
1222 2285 1317 2366 σαρκί
1349 2279 1411 2398 χὰρ
1441 2307 1581 2366 περιπα·
1600 2299 1618 2354 5

277 2379 419 2458 τοῦντες
446 2371 487 2448 06
515 2375 602 2448 κατὰ
624 2373 730 2464 σόριια
753 2375 1022 2468 στρατευόμεθα
1058 2375 1102 2448 τό
1124 2377 1186 2466 γὰρ
1210 2370 1301 2450 όπία
1324 2383 1385 2468 τῆς
1406 2387 1582 2470 στρατείας

276 2469 374 2564 ἡμῶν
405 2469 446 2545 οῦ
476 2473 630 2563 σαρκικύ,
662 2474 750 2548 ἀλλὰ
780 2475 908 2548 δννατόι
938 2483 991 2567 τῷ
1022 2482 1094 2566 θεῷ
1125 2475 1211 2564 πρὸς
1236 2471 1476 2568 καθαίρεσιν
1457 2505 1581 2568 σχυροι·

276 2570 403 2662 μάτων,
435 2575 613 2664 λογισμούς
642 2583 889 2666 καθαιροῦντες
919 2547 976 2648 καί
1004 2581 1075 2648 πᾶν
1099 2567 1224 2664 ῦφιομα
1249 2573 1473 2666 ἐπαιρόμενον
1493 2575 1581 2649 κατὰ

225 2689 259 2747 20
277 2679 337 2792 τῇς
360 2672 519 2762 γνώσεως
542 2681 604 2746 τοῦ
625 2683 766 2762 πορίσαι
813 2674 950 2758 τούτοις
971 2669 991 2746 6
1014 2673 1202 2764 γνωστικός
1224 2693 1296 2756 τοῖς
1318 2667 1440 2758 ὅπλοις
1460 2701 1581 2764 κορυσ-
1597 2701 1645 2770 ηε
1661 2704 1675 2758 ι

275 2769 424 2862 σόμενος.
436 2763 464 2842 ὦ
475 2771 577 2862 κύριε,
594 2781 685 2863 φησί,
701 2774 759 2858 δός
772 2781 970 2864 περίστασιν
984 2781 1040 2844 καί
1054 2771 1133 2860 λάβε
1149 2777 1346 2898 ίπὶδειξιν,”
1332 2803 1396 2845 ιτιν
1411 2803 1452 2847 το
1439 2773 1582 2846 δεινόν

275 2877 389 2954 τοῦτο,
412 2871 623 2945 κινδύνων(
602 2881 807 2964 υπερφροιῶ
829 2873 884 2946 διὰ
906 2873 971 2964 τὴν
991 2872 1077 2962 πρὸς
1098 2877 1134 2944 σε
1156 2869 1302 2962 όχόπην·

546 3035 708 3112 ὁθούνεκ’
731 3039 834 3132 δρετὴ
857 3048 931 3112 τῶν
953 3045 989 3113 ἐν
1011 3037 1211 3130 ἀνθρώποις
1231 3035 1319 3129 μόνη
1596 3055 1615 3112 θ

547 3136 608 3212 οῦκ
630 3145 667 3212 ἐκ
689 3147 846 3230 θυραίων
868 3137 1044 3230 τόπίχειρα
1067 3136 1236 3229 λαμβάνει,

222 3261 255 3316 25
545 3235 631 3330 αῦτη
653 3235 686 3312 δ’
710 3239 835 3330 ἑαυτὴν
855 3231 948 3314 ἆθλα
969 3246 1043 3312 τῶν
1065 3237 1185 3312 πόνων
1205 3239 1279 3328 ἔχει.

276 3401 476 3475 »ἐνδύσασθε
499 3396 570 3485 σῦν,
593 3403 641 3490 σός
663 3411 813 3480 ἐκλεκτοί
837 3413 900 3478 τσῦ
915 3413 999 3480 θεοῦ
1021 3399 1110 3498 όχιοι
1124 3414 1180 3478 καὶ
1195 3401 1412 3496 ἠγαπημένοι,
1435 3405 1615 3495 σαλεύῃ-τ

272 3531 315 3573 να
345 3508 540 3593 οἰκτιρμῶν,
569 3503 794 3596 χρηστότητα,
826 3505 1153 3596 ταπεινοφροσύνην,
1189 3503 1377 3594 πραότητα,
1408 3517 1577 3596 μακροθυ-

271 3609 361 3691 μίαν,
383 3608 437 3674 ἐπὶ
459 3609 542 3675 πᾶσι
563 3610 598 3675 δὲ
621 3603 758 3688 τούτοις
780 3605 846 3695 τὴν
867 3601 1011 3695 όχόπην,
1034 3601 1053 3676 ό
1075 3611 1146 3676 ίστι
1168 3603 1349 3694 σύνδεσμος
1371 3611 1432 3694 τῆς
1454 3605 1578 3678 τελειό-

271 3729 386 3790 τητος.
427 3713 483 3774 καὶ
506 3699 526 3794 6
548 3701 663 3794 εἰρήνη
685 3711 748 3776 τοῦ
771 3713 920 3794 Χριστοῦ
941 3708 1170 3794 βραβευέτωὲ
1172 3733 1191 3775 ν
1214 3723 1287 3786 ταῖς
1305 3701 1491 3794 καρδίαις“
1470 3713 1576 3796 υμῶν,
1596 3723 1614 3778 4

219 3823 253 3878 30
271 3801 361 3882 είς“
341 3830 383 3890 ην
404 3809 458 3874 καί
482 3802 715 3892 ἐκλήθητεέν
740 3803 789 3875 ἑνί
816 3803 961 3894 σώματι
997 3813 1053 3876 καί
1076 3799 1263 3893 εύχόριστοι
1286 3811 1451 3893 γίνεσθαι
1486 3809 1519 3876 οί
1540 3809 1577 3876 ἐν

270 3899 410 3988 σώματι
436 3896 533 3971 lu*
513 3931 625 3986 οντες,
654 3901 812 3990 καθάπερ
834 3907 866 3974 οί
892 3910 1030 3975 παλαιοί
1053 3909 1175 3974 δίκαιοι
1198 3899 1370 3976 ἀπάθειαν
1392 3910 1500 3994 ηῦχῆς
1521 3911 1576 3974 καί
1593 3923 1673 3978 2138

352 4121 423 4178 ιιι
442 4121 505 4178 xor.
519 4123 558 4182 ιτ.
573 4123 605 4178 13
684 4124 755 4182 ι-ε
774 4125 786 4178 ι
806 4123 868 4180 xor.
883 4127 922 4186 ιο,
934 4125 991 4180 εει
1066 4125 1104 4180 ιι
1124 4125 1133 4178 ι
1154 4125 1217 4180 ιιοε.
1236 4125 1276 4190 ιο,
1293 4123 1327 4178 εο
1349 4123 1431 4190 (psal.
1444 4123 1485 4188 ει,
1498 4123 1524 4190 ι)

270 4205 384 4262 ιε-ιο
411 4207 422 4260 ι
441 4205 505 4262 xor.
525 4210 568 4274 ιο,
588 4209 688 4264 ιιι-σι
774 4209 888 4264 ιο-εο
910 4209 934 4262 ιι
954 4209 1017 4265 xor.
1036 4209 1081 4272 ιο,
1104 4211 1171 4266 3-5
1252 4207 1367 4264 εε-εε
1389 4207 1459 4262 Tor
1477 4207 1574 4280 Adesp.

271 4293 320 4346 ιιι
402 4290 516 4348 εο-εο
534 4291 595 4346 ιιοι.
614 4293 638 4360 3,
658 4293 698 4347 12.
717 4293 772 4348 ιιι

354 4475 400 4530 21
414 4475 442 4530 τί
458 4481 546 4532 ταίτα
564 4477 609 4532 δεῖ
623 4473 731 4532 πίνειν
749 4475 907 4532 stob.P1ut
977 4478 996 4532 θ
1013 4479 1167 4548 διεκπερᾶν
1179 4477 1254 4532 szob.
1266 4477 1340 4532 Plut„
1352 4479 1397 4533 δεῖ
1411 4479 1428 4530 δ
1432 4471 1440 4496 '
1451 4473 1575 4550 ἐκπερᾶν

269 4559 290 4614 L
359 4552 581 4615 406110061,
651 4558 732 4618 οὐδὲν
750 4560 805 4632 γὰρ
823 4561 916 4618 δεινὸν
933 4561 1006 4616 Plut„
1019 4579 1044 4632 p.
1059 4563 1107 4614 117
1125 4561 1219 4618 δεινὸν
1230 4559 1286 4634 γὰρ
1299 4559 1380 4618 οὐδὲν
1398 4561 1471 4617 plut.
1483 4579 1510 4632 p.
1526 4565 1571 4618 111

268 4641 320 4699 οὐκ
343 4641 463 4714 αίσχρδν
486 4641 566 4700 οῦδὲν
589 4643 663 4700 stab.
687 4645 758 4700 Flor.
781 4645 827 4712 29,
853 4649 886 4700 56
968 4649 986 4700 θ
1008 4646 1038 4703 δὲ
1061 4646 1154 4701 ΙΚοτ.
1171 4645 1242 4702 τείν
1324 4647 1363 4702 1⁰
1381 4644 1444 4712 <τά>
1465 4646 1573 4704 σίκσδο·

266 4729 426 4858 ptos-gast
447 4813 467 4856 11
504 4719 757 4785 2880201‘622’L
835 4729 875 4786 24
892 4729 1018 4802 θυραίων
1035 4731 1071 4800 Sy
1090 4729 1243 4802 θνρεῦινίι
1317 4731 1355 4788 26
1373 4729 1540 4804 δέαότηνίι

350 4825 430 4858 emens
470 4844 476 4858 .
1334 4817 1368 4872 18
