3704 5530
585 527 724 630 simmaco
741 573 787 630 v1.
809 575 874 646 cop.
887 575 958 630 xvl.
978 575 1034 640 138,
1046 575 1155 640 2-141,
1167 577 1191 628 7.
1480 583 1541 646 503

234 761 310 818 σεις,
338 735 419 812 καθ’
444 735 483 824 ἃς
506 735 526 830 ἦ
548 746 639 812 πᾶσα
661 743 787 826 γένεσις
809 743 958 825 φέρεται,
989 737 1062 810 άνω
1084 734 1192 817 κάτω,
1222 743 1269 820 είς
1291 735 1381 824 δεξιά
1404 743 1449 820 είς
1470 735 1540 828 άρι-

233 835 344 926 στερά,
366 837 486 926 πρόσω
507 835 627 910 ὀπίσω.

318 936 471 1021 Εἰκότως
493 937 559 1026 ἄρα
579 935 644 1010 τὸν
664 935 751 1010 ἔπτὰ
773 935 922 1026 ἀριθμὸν
938 933 1094 1028 άμῆτορα
1114 945 1170 1010 καί
1193 937 1320 1026 άγονον
1335 945 1539 1026 λογίζονται,
1559 953 1653 1018 14111

236 1035 277 1108 τὸ
309 1035 479 1122 σάββατον
508 1033 748 1126 ἑρμηνεύοντες
779 1043 834 1110 καὶ
867 1034 908 1108 τὸ
938 1041 999 1126 τῆς
1029 1033 1251 1120 άναπαύσεως
1281 1036 1369 1118 είδος
1399 1033 1541 1128 άλληγο-

200 1143 389 1226 οροῦντες,
420 1133 504 1210 καθ’
527 1137 569 1228 ἣν
598 1129 695 1210 ιούτε
721 1143 883 1224 γαμοῦσιν
910 1129 990 1208 ούτε
1013 1143 1234 1226 γαμίσκονται
1255 1137 1337 1208 ἔτει·
1375 1129 1456 1209 ούτε
1477 1135 1541 1226 γὰρ

234 1241 271 1308 ἔκ
294 1266 388 1320 τινος
409 1233 558 1326 άριθμοῦ
578 1241 634 1310 έπί
655 1265 732 1308 τινα
755 1233 961 1326 λαμβάνουσι
986 1243 1113 1324 γίνεται
1135 1231 1154 1306 ά
1177 1233 1263 1308 έπτά
1285 1229 1364 1308 ούτε
1386 1240 1442 1306 έπί
1463 1265 1541 1308 τινα

237 1343 382 1426 ληφθείς
407 1331 569 1408 άποτελεῑ
593 1343 666 1408 τῶν
692 1335 791 1418 έντός
819 1341 880 1424 τῆς
906 1333 1045 1418 δεκάδος
1072 1337 1199 1422 ἕτερον.
1242 1333 1307 1426 τῆν
1333 1363 1370 1406 τε
1393 1329 1576 1424 δγδοάδσλ

234 1435 340 1520 κύβον
374 1441 527 1515 καλοῦσι,
558 1434 643 1524 μετὰ
670 1443 743 1508 τῶν
770 1434 863 1522 έπτὰ,
884 1441 1122 1525 πλανωμένων
1146 1433 1211 1524 τῆν
1235 1431 1371 1524 άπλανῆ
1397 1459 1539 1522 συγκατ·

235 1541 461 1625 αριθμοῦντες
480 1547 484 1620 Ι
503 1554 657 1622 σφοιρσν,
680 1531 726 1604 δι’
744 1525 796 1604 ὧν
818 1529 837 1606 ά
858 1541 960 1624 μέγας
980 1533 1135 1618 ἐνιαυτὸς
1150 1539 1276 1624 γίνεται
1291 1534 1367 1608 οίσν
1382 1530 1540 1622 περίοδός
1557 1547 1642 1604 812?

184 1653 217 1706 10
236 1665 287 1718 τις
316 1641 375 1725 τῆς
402 1643 477 1706 τῶν
502 1639 763 1724 ἐπηγγελμένων
785 1631 1059 1717 άνταποδόσεως.
1103 1631 1210 1724 ταύτῃ
1232 1663 1288 1706 τοι
1310 1627 1330 1706 ά
1352 1631 1468 1722 κύριος
1490 1641 1577 1706 τέο

236 1763 360 1824 τορτος
391 1731 517 1822 δναβάς
547 1739 593 1816 είς
624 1731 665 1804 τὸ
697 1727 776 1822 ὄρος
807 1735 905 1818 ἕκτος
935 1743 1064 1824 γίνεται
1091 1741 1147 1806 καί
1174 1739 1266 1820 φωτί
1292 1731 1540 1822 περιλάμπεται

233 1841 465 1924 πνευματικῷ,
499 1833 563 1922 τῆν
593 1831 735 1921 δύναμιν
765 1833 829 1924 τῆν
859 1827 922 1904 ἀπ’
943 1830 1050 1906 αὐτοῦ
1079 1833 1350 1924 παραγυμνῶσας
1380 1839 1426 1916 είς
1457 1825 1540 1905 ὅσον

234 1929 309 2005 οίάν
331 1961 366 2004 τε
391 1925 433 2022 ῆν
458 1937 541 2004 ίδείν
566 1951 639 2016 τοις
665 1927 752 2020 δρᾶν
777 1937 951 2022 έκλεγεῑοι,
984 1930 1029 2006 δι’
1057 1931 1199 2024 ἑβδόμης
1229 1929 1540 2022 άνακηρυσσύμενος

235 2039 296 2123 τῆς
317 2039 438 2122 φωνῆς
460 2031 531 2116 υίὸς
553 2034 637 2104 είναι
660 2037 754 2111 θεοῦ,
776 2035 833 2104 ίνα
855 2031 895 2122 δῆ
918 2037 952 2104 οἳ
972 2039 1034 2122 μέν
1055 2029 1323 2106 ἀνακαύσωνται
1342 2038 1541 2114 πεισθέντες

185 2149 216 2202 lb
234 2139 309 2222 περί
325 2130 440 2208 αύτού.
462 2127 482 2204 3
505 2139 550 2218 δέ,
573 2129 627 2202 διὰ
648 2137 817 2220 γενέσεως,
841 2129 885 2222 ῆν
899 2131 1068 2224 έδῆλωσεν
1083 2129 1104 2223 ῆ
1119 2130 1204 2220 έξάς,
1226 2135 1395 2224 ἐπίσημος.
1417 2127 1541 2221 ὄγδοᾶς

233 2229 397 2321 ύπάρχων
420 2239 521 2320 φονῆ,
545 2231 625 2314 θεὸς
647 2235 685 2300 έν
706 2240 831 2322 σαρκίρο
855 2229 919 2320 τῆν
937 2229 1080 2318 δύναμιν
1095 2230 1357 2322 ἐνδεικνύμενος,
1381 2227 1540 2321 άριθμού-

233 2360 333 2421 μενος
354 2338 417 2420 μὲν
443 2329 491 2416 ὥς
517 2329 719 2418 ἄνθρωπος.
750 2329 984 2422 κρυπτόμενος
1006 2336 1042 2402 δὲ
1065 2325 1102 2414 ὃς
1124 2323 1179 2420 ῆν·
1216 2339 1257 2422 τῇ
1279 2336 1340 2422 μὲν
1361 2329 1424 2420 γὰρ
1446 2327 1538 2416 τάξει
1557 2351 1576 2406 4

234 2439 306 2504 τῶν
336 2427 496 2522 ἀριθμῶν
525 2435 807 2520 συγκαταλέγεται
837 2436 892 2502 καὶ
919 2425 938 2500 ά
962 2432 1009 2516 ἓξ,
1041 2427 1118 2520 ῆδὲ
1149 2437 1222 2502 τῶν
1252 2437 1430 2520 στοιχείων
1460 2425 1538 2502 άκο-

233 2537 359 2604 λουθία
389 2535 553 2622 ἐπίσημον
583 2535 739 2617 γνωρίζει
770 2527 810 2600 τὸ
840 2529 885 2620 μῆ
913 2526 1138 2620 γραφόμενον.
1179 2535 1330 2604 ἐνταῦθα
1359 2527 1447 2602 κατὰ
1476 2535 1538 2618 μὲν
1557 2547 1653 2612 um

182 2645 216 2698 θί)
235 2630 314 2710 τούς
341 2627 506 2720 ἀριθμούς
530 2625 655 2712 αύτούς
682 2627 825 2718 σῴζεται
851 2636 893 2720 τῆ
917 2625 1007 2718 τάξει
1029 2627 1152 2720 ἑκάστη
1174 2629 1282 2718 μονὰς
1303 2633 1350 2712 είς
1373 2625 1537 2718 έβδομάδα

234 2737 347 2801 τεκαὶ
368 2724 529 2818 άγδοάδα,
559 2727 646 2801 κατὰ
669 2735 704 2800 δὲ
728 2727 791 2802 τὸν
813 2738 887 2802 τῶν
912 2739 1090 2820 στοιχείων
1116 2723 1265 2818 άριθμὸν
1287 2731 1388 2800 ίκτον
1408 2735 1536 2816 γίνεται

235 2827 274 2898 τὸ
306 2833 402 2920 ζῆτα,
435 2835 490 2900 καί
519 2828 662 2918 ἕβδομον
694 2829 734 2900 τὸ
757 2837 792 2916 ῆ.
838 2836 1080 2912 είσκλαπέντος
1110 2825 1142 2900 δ’
1165 2827 1229 2902 ούκ
1258 2825 1324 2902 οἶδ’
1348 2823 1443 2910 ὅπως
1473 2833 1573 2902 τοῦθ

232 2925 396 3018 έπιοῆμου
426 2933 473 3012 είς
503 2927 567 3018 τὴν
589 2928 732 3020 γραφῆν,
758 2929 820 3003 έάν
841 2925 954 3014 ούτως
976 2929 1150 3019 ἑποίμεθα,
1182 2931 1263 3020 ίκτη
1282 2935 1345 3020 μὲν
1366 2935 1494 3017 γίνεται
1514 2923 1535 3018 ῆ

232 3025 383 3118 ἑβδομάς.
406 3026 528 3118 ἑβδόμη
549 3035 584 3100 δέ
600 3024 620 3119 ῆ
635 3024 770 3120 άγδοάς·
793 3029 844 3102 διὸ
866 3037 923 3103 καί
944 3034 985 3102 έν
1004 3037 1047 3120 τῆ
1070 3031 1149 3118 ἕκτη
1165 3023 1184 3102 ά
1199 3029 1388 3117 ἄνθρωπος
1404 3035 1537 3118 λέγεται
1554 3044 1574 3100 ⁸

181 3147 216 3202 θο
231 3133 439 3216 πεποιῆσθαι
470 3123 489 3198 ὁ
521 3133 572 3218 τῷ
602 3127 753 3220 έπισῆμῳ
783 3129 904 3214 πιστὸς
933 3129 1114 3220 γενόμενος
1141 3125 1189 3212 ὥς
1219 3125 1350 3212 εύθέως
1379 3131 1538 3218 κυριακῆς

232 3233 459 3314 κληρονομίας
481 3222 671 3300 άνάπουσιν
693 3225 886 3316 άπολαβείν.
922 3225 1084 3302 τοιοῦτόν
1106 3237 1216 3301 τεκαὶ
1238 3225 1258 3318 ῆ
1282 3230 1361 3317 ἕκτη
1384 3224 1458 3316 ὥρα
1476 3231 1574 3318 τῆςί

233 3335 404 3414 σωτηρίου
425 3332 620 3417 οἰκονομίας
640 3333 805 3418 ἐμφαίνει,
827 3325 910 3400 καθ’
934 3327 977 3420 ῆν
998 3328 1184 3418 ἐτελειώθη
1207 3322 1226 3400 ὁ
1248 3327 1446 3416 ἄνθρωπος.
1484 3333 1573 3405 vals

233 3427 299 3516 μῆν
326 3433 400 3497 τῶν
424 3431 486 3513 μὲν
511 3421 605 3498 δκτώ
629 3431 661 3500 οί
683 3425 867 3518 μεσότητες
889 3437 1044 3518 γίνονται
1066 3427 1167 3513 ἑπτά,
1200 3435 1274 3500 τῶν
1294 3432 1330 3498 δέ
1352 3423 1439 3496 ἑπτά
1462 3429 1537 3508 φαί-

234 3553 352 3596 νονται
374 3527 460 3597 είνοι
483 3525 525 3597 τὰ
547 3523 757 3616 διαστήματα
780 3530 822 3616 ἓξ.
858 3527 963 3610 ἄλλος
985 3527 1047 3616 γὰρ
1068 3533 1194 3610 ἐκεῖνος
1212 3523 1323 3616 λύγος,
1345 3524 1432 3598 ἐπάν
1446 3523 1574 3608 {fido-o

181 3643 216 3698 30
233 3624 295 3714 μὰς
317 3621 440 3712 δοξάςρ
462 3625 528 3716 τῆν
550 3619 697 3715 άγδοάδα
718 3635 773 3698 καί
799 3631 849 3700 »οἱ
872 3625 1013 3718 ούρανοί
1040 3645 1112 3711 τοίς
1134 3623 1292 3716 ούρανοίς
1313 3629 1508 3714 διηγοῦνται
1531 3631 1535 3714 Ῐ

233 3721 336 3811 δόξαν
368 3731 481 3796 θεοῦι.
524 3729 558 3798 οί
588 3725 726 3798 τούτων
757 3729 916 3816 οίσθητοί
946 3725 1048 3800 τύποι
1079 3726 1121 3798 τὰ
1147 3723 1230 3814 παρ’
1253 3722 1332 3816 ῆμίν
1353 3721 1537 3812 φωνήεντα
1554 3745 1635 3803 2918

232 3841 388 3912 στοιχεῖα.
431 3818 543 3908 ούτως
564 3833 617 3896 καὶ
641 3822 744 3909 αύτὸς
766 3831 894 3918 εἴρηται
917 3823 936 3898 ὁ
958 3825 1073 3916 κύριος
1098 3826 1210 3914 τᾶλφα
1231 3831 1287 3897 καί
1309 3815 1353 3901 ὦ,
1375 3819 1459 3913 άρχῆ
1481 3830 1571 3904 πεδί

299 4041 374 4098 8-1
401 4043 456 4114 vgl.
478 4043 558 4099 Philo
582 4043 622 4099 De
644 4045 711 4116 opis.
728 4043 825 4100 mundi
847 4047 904 4102 99f
928 4046 997 4114 (hier
1019 4047 1090 4102 such
1112 4041 1253 4115 δμῆτωρ);
1280 4043 1344 4114 [aeg.
1368 4041 1413 4098 alh
1433 4043 1443 4095 l
1463 4041 1537 4110 15ss

232 4146 257 4198 p.
275 4127 335 4182 231.
353 4127 451 4196 mk
474 4127 540 4195 Qui·
558 4147 607 4186 τετ.
626 4129 680 4186 div.
698 4129 725 4186 h.
744 4131 794 4186 170
811 4129 833 4196 (Ι
851 4147 878 4202 p.
895 4131 1000 4198 19111)
1022 4131 1088 4202 περί
1111 4135 1159 4198 τῆς
1181 4125 1374 4198 άειπαρθένου
1394 4129 1444 4182 καί
1466 4125 1537 4198 δμῆ·

232 4229 319 4279 τορσς
336 4207 493 4284 ἑβδομάδος
572 4213 591 4272 ὅ
610 4213 665 4284 ng
685 4213 783 4270 Matth.
801 4215 844 4282 22,
861 4215 907 4278 3ος
930 4214 1017 4269 Mark.
1038 4215 1078 4282 12,
1095 4215 1140 4280 253
1164 4213 1231 4268 Luk.
1249 4213 1291 4280 20,
1309 4215 1342 4268 35
1424 4211 1538 4268 lo-14

233 4295 288 4364 vgl.
316 4295 415 4350 Matth.
442 4299 584 4362 17‚1-5;
614 4297 703 4354 Mark.
725 4303 754 4366 9,
771 4299 850 4366 ‘2-73
881 4299 948 4354 lauh
971 4299 1000 4366 θ,
1018 4298 1120 4354 28-35
1208 4297 1274 4356 241
1297 4297 1352 4368 vgl.
1371 4297 1439 4352 Gen.
1458 4297 1538 4362 1,26

266 4379 649 4450 esstvgl.Mstt1227.45;
678 4383 764 4438 Mark.
785 4385 824 4450 15,
842 4383 888 4450 33;
912 4383 981 4438 Luk.
998 4383 1040 4450 23,
1057 4385 1103 4448 44;
1127 4381 1247 4452 Joh.19,
1267 4385 1298 4437 14
1379 4381 1444 4438 8οί
1464 4381 1537 4438 Pul.

234 4465 308 4529 152⁶.)
388 4464 452 4520 m
472 4467 527 4538 vgl.
545 4485 568 4522 τ.
586 4468 616 4522 Β.
635 4467 722 4538 Apok
741 4465 801 4522 Joh.
820 4469 896 4534 21‚6

320 4657 333 4712 ί
358 4655 475 4724 δεκάδος
492 4657 557 4728 (ng
572 4657 662 4724 Philo)
682 4658 715 4712 L·
736 4657 893 4726 δωδεκάδος
909 4659 931 4714 L
1011 4655 1112 4730 ἕτερον
1130 4661 1161 4716 St
1177 4655 1314 4733 ἑκάτερον
1326 4661 1347 4714 L
1364 4659 1427 4716 τινιί
1440 4659 1487 4714 Ma

237 4741 272 4796 15,
291 4737 307 4794 δ
326 4743 360 4810 Sy
379 4737 406 4796 σί
426 4741 446 4795 1,
535 4743 575 4798 22
593 4739 794 4808 είσκλαπέντος
812 4743 908 4800 Iso-th
927 4741 1155 4808 έκκλαπέντοςίι
1235 4745 1275 4800 28
1294 4741 1345 4801 ἐὰν
1357 4745 1436 4800 θοίιτι
1447 4743 1536 4804 κὰνίι
