3704 5530
1629 9 1799 240 Ι

535 507 1225 582 ειωωιαυι.οιρ.ει.οο,ε-οιρ.ειι.εο,ο.
1476 513 1534 580 εει

230 667 305 744 οὐδ’
327 667 347 744 ά
368 677 525 762 ἐποίησέν
547 701 600 756 τις
620 680 747 758 κακῶς,
777 668 866 746 α’λλά
892 671 933 746 τὸ
954 671 1000 764 μὴ
1021 679 1186 762 ποιητέον
1207 679 1408 760 συνίστησιν.
1451 665 1570 744 ὅθενί

230 777 286 844 καί
308 767 328 862 ἦ
350 769 514 864 μετάνοια
535 769 641 863 δισσὴ·
677 769 781 864 ἢμέν
806 772 906 864 κοινὴ
931 775 987 844 ἐπί
1013 777 1065 864 τῷ
1087 777 1414 863 πεπλημμεληκέναι,
1446 767 1535 862 ἥδέ,

231 872 297 961 τὴν
323 869 424 961 φύσιν
450 877 512 962 τῆς
537 867 702 962 άμαρτίας
726 878 984 962 καταμαθοῦσα,
1015 867 1224 960 ἀφίστασθαι
1246 877 1309 944 τού
1330 865 1537 960 άμαρτάνειν

230 968 337 1046 αὐτοῦ
369 972 457 1044 κατὰ
491 971 749 1062 προηγούμενον
779 967 885 1062 λόγον
914 979 1043 1058 πείθει,
1080 963 1111 1062 ᾧ
1143 971 1258 1043 ἕπεται
1289 968 1331 1042 τὸ
1360 969 1405 1062 μὴ
1436 966 1538 1060 ἆμαρ-

197 1069 354 1144 στάνειν.

314 1169 371 1262 Μὴ
393 1177 512 1244 τοίνυν
534 1169 709 1261 λεγόντων
731 1169 779 1256 ώς
800 1167 966 1244 ύάδιιιών
979 1175 1035 1244 καί
1050 1165 1259 1259 άμαρτάνων
1272 1165 1352 1241 κατ’
1368 1174 1538 1260 ἐνέργειαν
1556 1183 1630 1248 ναι

232 1266 405 1360 δαιμόνων
426 1279 625 1361 πλημμελεῖ,
655 1275 727 1344 ἐπεὶ
748 1269 814 1344 κάν
835 1267 954 1362 άθῷος
976 1277 1121 1360 γένοιτο,
1143 1267 1187 1342 τά
1209 1273 1246 1340 δέ
1266 1265 1353 1342 αύτά
1375 1289 1448 1352 τοις
1470 1277 1538 1342 δαι-

231 1377 364 1458 μονίοις
384 1369 473 1442 κατά
494 1368 536 1442 τὸ
558 1366 764 1460 ἁμαρτάνειν
786 1368 996 1460 ώρούμενος,
1028 1367 1234 1458 άνέδραοτος
1254 1375 1311 1440 καί
1332 1375 1462 1458 κοῦφος
1481 1375 1537 1441 καί

232 1465 455 1558 εὐμετάβολος
475 1475 513 1542 ἐν
535 1473 740 1560 ἐπιθυμίαις,
763 1469 811 1554 ώς
829 1476 970 1558 δαίμων,
986 1477 1115 1561 γίνεται
1129 1469 1318 1558 άνθρωπος
1332 1467 1537 1558 δαιμονικύς.

181 1583 215 1640 10
231 1565 351 1642 αύτίκα
373 1563 393 1640 δ
414 1575 477 1660 μέν
497 1567 600 1654 κακὸς
622 1567 728 1657 φύσει,
750 1564 978 1660 ύμαρτητικός
992 1569 1047 1642 διά
1061 1577 1183 1642 κακίαν
1196 1563 1385 1658 γενάμενος,
1406 1575 1573 1656 φαῦλοςν

231 1675 452 1760 καθε’,στηκεν
477 1666 607 1760 ἔχων“
586 1697 630 1758 ην
651 1669 742 1740 ἑκών
762 1665 926 1741 είλετο·
906 1667 1135 1760 αμαρτητικύς
1157 1661 1237 1742 δέ
1214 1695 1267 1740 ων
1288 1676 1344 1740 καλ
1364 1667 1453 1741 κατά
1475 1667 1538 1752 τὰς

230 1764 367 1856 πράξεις
387 1765 619 1860 διαμαρτάνει·
649 1771 794 1860 ἔμπαλιν
815 1763 892 1840 δέ
873 1797 893 1840 ο
915 1773 1098 1854 σπουδαῖος
1119 1779 1297 1860 κατορθοι
1339 1769 1393 1842 διὸ
1415 1763 1457 1840 ού
1477 1765 1537 1864 μα’-
1557 1785 1576 1840 ⁸

233 1895 294 1940 νον
322 1867 383 1952 τάς
408 1865 544 1958 α’ρετάς,
575 1864 662 1940 άλλά
688 1875 744 1941 καί
771 1867 833 1952 τάς
854 1865 990 1958 πράξεις
1012 1867 1074 1952 τάς
1094 1867 1200 1953 καλάς
1221 1863 1335 1958 άγαθά
1356 1877 1538 1964 καλοῦμεν·

231 1973 305 2040 τών
326 1972 363 2040 δέ
384 1964 528 2058 άγαθών
549 1967 703 2056 ίσμεν
666 1997 709 2040 τα
725 1973 792 2088 μίν
813 1967 900 2041 αύτά
921 1965 968 2040 δι’
991 1965 1078 2042 αύτά
1100 1965 1231 2058 αίρετά,
1254 1964 1303 2052 ώς
1324 1967 1389 2060 τὴν
1410 1980 1539 2060 γνῶσιν

181 2081 214 2136 15
231 2063 286 2154 (ού
316 2065 378 2158 γάρ
409 2066 494 2140 ἄλλο
526 2097 560 2140 τι
589 2071 625 2156 ἐξ
655 2063 760 2158 αύτῆς
790 2075 961 2158 θηρῶμεν,
992 2067 1130 2142 ἐπειδάν
1159 2075 1269 2158 παρῇ,
1303 2063 1326 2158 ἢ
1355 2065 1466 2160 μόνον
1495 2073 1537 2144 τὸ

230 2183 386 2256 παρεῖναι
412 2161 521 2256 αὐτὴν
547 2175 603 2238 καί
627 2170 665 2240 ἐν
688 2163 896 2258 άδιαλείπτῳ
919 2163 1091 2260 θεωρίᾳ“
1071 2173 1157 2258 ημᾶς
1179 2169 1263 2240 εἱναι
1284 2176 1340 2240 καλ
1362 2175 1409 2254 είς
1430 2167 1538 2262 αύτην

230 2271 285 2336 καὶ
311 2261 357 2336 δι’
380 2261 487 2355 αὐτὴν
518 2261 770 2356 ἀγωνίζεσθαι),
801 2265 844 2338 τά
870 2239 906 2338 δὲ
934 2263 980 2339 δι’
1003 2267 1114 2356 ἕτερα,
1144 2263 1226 2356 <ώς>
1253 2266 1319 2358 τὴν
1343 2277 1462 2342 πίστιν
1483 2272 1537 2344 διὰ

231 2363 296 2454 τὴν
322 2369 357 2452 ἐξ
385 2361 490 2454 αύτῆς
520 2373 783 2458 περιγενομένην
814 2365 925 2458 φυγήν
950 2395 987 2438 τε
1010 2371 1071 2456 τῆς
1092 2363 1266 2450 κολάσεως
1287 2373 1342 2438 καί
1366 2366 1538 2457 ώφέλειαν

232 2463 296 2553 τὴν
317 2467 355 2534 ἐκ
376 2469 437 2554 τῆς
459 2459 728 2550 άνταποδόσεως.
765 2463 871 2554 φόβος
892 2463 1038 2556 μὲνγὰρ
1060 2469 1168 2548 αίτιος
1190 2471 1253 2538 τού
1270 2465 1315 2558 μὴ
1330 2463 1539 2558 άμαρτάνειν

179 2577 215 2632 20
231 2582 304 2648 τοις
329 2573 484 2648 πολλοῖς,
516 2567 697 2656 ἐπαγγελία
721 2561 805 2636 δὲ’
784 2563 920 2656 αφορμὴ
947 2591 1011 2636 του
995 2561 1211 2636 διώκειν’
1189 2563 1356 2656 υπωισὴν,
1387 2561 1476 2638 δι’
1457 2599 1496 2659 ης
1518 2599 1538 2658 η

231 2671 390 2753 σωτηρία.
426 2659 689 2738 τελειότατον”
668 2691 733 2754 σρα
755 2661 890 2756 άγαθὸν
910 2659 931 2755 ἦ
954 2671 1088 2754 γνῶσις,
1110 2659 1157 2736 δι’
1175 2661 1284 2756 αύτὴν
1305 2657 1388 2738 ούσα
1409 2665 1536 2758 αίρετὴ,
1555 2685 1634 2750 θυι

230 2791 294 2834 κατ
299 2757 659 2855 ’ἐπακολούθημαδέ
684 2771 740 2836 καί
766 2763 810 2838 τά
835 2762 889 2836 διά
914 2761 1040 2854 ταύτης
1061 2758 1323 2838 άκολουθούντα
1343 2763 1440 2840 καλά
1481 2776 1574 2842 καλε

233 2892 252 2951 η
279 2857 416 2946 κόλασις
442 2871 494 2952 τῷ
519 2870 582 2954 μὲν
607 2871 827 2954 κολαζομένῳ
854 2861 1072 2954 διορθώσεως
1098 2867 1534 2986 αίτία,το1ςδὲδιορανί

230 2959 417 3052 πόρρωθεν
446 2968 645 3054 δυναμένοις
673 2961 883 3054 παράδειγμα
913 2969 1056 3052 γίνεται,
1088 2957 1134 3034 δι’
1156 2953 1198 3036 ού
1224 2963 1266 3038 τὸ
1297 2973 1537 3056 συνεμπίπτειν
1554 2987 1634 3044 2828

180 3075 213 3130 25
232 3079 303 3144 τοις
325 3055 497 3150 ύμσίοις’
476 3060 738 3136 ανακόπτουσιν.
781 3065 956 3154 δεξώμεθα
977 3053 1039 3134 ούν
1061 3061 1125 3151 τὴν
1146 3069 1276 3154 γνῶσιν
1296 3059 1339 3136 ού
1360 3071 1434 3136 τών
1454 3063 1538 3140 άπο-
1556 3089 1576 3146 τ

229 3159 424 3246 βαινόντων
449 3165 633 3252 ἐφιέμενοι,
663 3159 742 3236 άλλ’
766 3159 873 3236 αύτού
896 3165 993 3236 ἐνεκα
1015 3168 1078 3234 τοῦ
1099 3163 1281 3252 γινώσκειν
1301 3160 1537 3256 άσπαζύμενοι.

230 3259 352 3350 πρώτη
375 3259 437 3350 γὰρ
458 3257 649 3349 ώφέλεια’
629 3291 650 3354 η
673 3259 779 3352 ἐξις“
760 3293 780 3354 η
802 3257 982 3352 γνωστική,
1005 3257 1130 3350 ηδονάς
1152 3259 1306 3348 άβλαβεις
1323 3272 1536 3358 παρεχομένη

230 3368 286 3432 καί
313 3355 513 3450 ἇγαλλίοσιν
537 3369 594 3434 καὶ
619 3369 682 3434 νῦν
706 3369 762 3434 καί
788 3357 877 3446 είςο
856 3387 1009 3484 wacon..
1052 3387 1117 3450 την
1138 3366 1175 3432 δὲ
1196 3357 1453 3450 άγαλλίιισιν’
1414 3395 1537 3456 ευφρο
1556 3391 1574 3446 4

231 3457 337 3549 σύνην
357 3459 443 3532 είναί
465 3485 576 3548 φασιν,
599 3461 819 3554 ἐπιλογισμὸν
840 3455 946 3534 ούσαν
968 3466 1029 3550 τῆς
1049 3459 1137 3531 κατὰ
1157 3459 1222 3550 τὴν
1236 3455 1438 3552 άλὴθειαν’
1416 3473 1538 3556 αρετῆς

179 3575 214 3630 30
231 3556 285 3632 διά
315 3587 409 3644 τινος
439 3559 622 3646 ἑστιάσεως
651 3569 708 3634 καί
738 3561 918 3651 διαχύσεως
948 3565 1102 3650 ψυχικῆς.
1146 3558 1188 3632 τά
1210 3566 1246 3632 δέ
1266 3568 1454 3651 μετέχοντα
1475 3571 1575 3656 τῆςλ

231 3659 389 3748 γνώσεως
411 3661 491 3749 ἔργα
512 3663 546 3732 αλ
568 3655 694 3750 άγαθαὶ
715 3667 772 3733 καὶ
792 3667 895 3734 καλαί
914 3657 1051 3748 πράξεις
1072 3661 1163 3731 είσίν.
1196 3665 1349 3744 πλοῦτος
1370 3667 1433 3750 μέν
1450 3663 1511 3752 Ι
1475 3693 1537 3754 γαρ
1556 3681 1640 3740 79οΡ

230 3755 363 3848 άληθης
385 3789 404 3828 ο
394 3753 465 3832 (ἐν
487 3779 560 3844 ταις
582 3761 669 3832 κατά
692 3789 756 3852 την
778 3755 904 3854 άρετὴν
923 3755 1063 3848 πράξεσι
1084 3756 1309 3848 πλεονασμός,
1335 3770 1436 3834 πενία
1457 3761 1536 3834 δὲ’
1516 3795 1536 3854 η

230 3857 317 3930 κατὰ
343 3858 405 3942 τὰς
430 3859 592 3947 κοσμικὰς
618 3863 797 3950 ἐπιθυμίας
827 3855 960 3948 άπορία.
1003 3861 1037 3930 αί
1063 3855 1197 3946 κτήσεις
1227 3857 1290 3948 γάρ
1319 3869 1376 3932 καί
1404 3861 1574 3954 χρήσειςσ

231 3963 305 4028 τῶν
330 3951 527 4048 ἀναγκαίων
554 3955 596 4032 ού
621 3959 686 4050 τὴν
711 3959 882 4050 ποιότητα
909 3961 1019 4048 ἔχουσι
1039 3954 1215 4046 βλαβεράν.
1247 3953 1335 4030 άλλά
1357 3987 1423 4052 την
1443 3961 1538 4052 παρά

316 4161 432 4218 ίθ-ίί
460 4161 593 4234 Οίιτγείρρ
615 4161 658 4220 Fr.
681 4181 747 4219 mor.
771 4165 821 4218 110
843 4163 938 4219 Arnim
1025 4161 1145 4218 81-88
1172 4161 1228 4230 vgl.
1251 4159 1318 4228 QDS
1338 4165 1370 4218 19
1458 4165 1537 4223 ⁸⁸-

230 4246 255 4299 8.
274 4245 379 4314 ίθΜ
406 4241 624 4318 αί-ιιοσδτητα
647 4249 721 4304 θυαε.
739 4247 799 4304 Pu.
818 4249 869 4322 253
887 4245 969 4312 Hom
995 4245 1132 4302 Maximus
1154 4245 1218 4318 (δερ.
1238 4249 1288 4310 13;
1321 4249 1458 4304 Antonius
1480 4251 1536 4306 Me·

230 4327 297 4384 lim
312 4347 338 4402 p.
355 4331 389 4386 37
407 4329 512 4386 (ίετυετ

317 4505 353 4560 l?
374 4499 441 4571 (ὣς)
460 4505 549 4576 Ηεγιυ
629 4509 665 4564 21
690 4504 913 4566 τελειύντατσνλι
1002 4503 1088 4576 αὐτὴν
1107 4503 1127 4558 L
1216 4503 1256 4560 ⁸⁸
1271 4507 1411 4573 κοσμικὰς
1432 4507 1469 4578 Sy
1491 4527 1538 4564 κο-

231 4589 315 4658 σμίας
333 4589 353 4644 λι
422 4591 520 4662 Μὴ
539 4597 597 4648 τῶν
614 4589 781 4662 ἀναγκαίαν
798 4599 894 4662 κτῆσις
910 4593 960 4648 καί
975 4597 1113 4664 γρησις-
1123 4581 1181 4658 ἔχει
1199 4582 1292 4658 (ἴσχει)
1309 4589 1382 4645 θυαε.
1393 4591 1453 4646 Par.
1471 4593 1538 4662 (Bm

230 4673 393 4806 Μῗλιὶιάάέ
408 4761 439 4806 11.
1297 4757 1330 4812 31
