3738 5536
642 543 781 597 stromata
798 541 817 598 1.
841 541 905 614 Cap.
918 541 951 596 V.
969 541 1010 608 28,
1022 545 1115 608 3—30,
1127 545 1151 596 ί.
1512 547 1549 606 19

238 713 344 779 δεται.
386 703 519 796 μακράν
541 697 603 776 ούν
624 711 768 794 ποίησον
791 701 859 778 άπὸ
883 711 944 796 τής
965 705 1117 796 ἄφρονος
1140 701 1264 794 ἡδονῆς
1286 703 1350 794 τήν
1373 702 1436 794 σήν
1456 696 1548 786 ὁδόν,

237 806 284 896 μή
306 809 444 894 ἐπιστῇς
466 803 588 892 θύραις
611 808 717 876 οίκων
740 801 853 894 αὐτῆς,
875 809 931 876 ἵνα
952 805 997 896 μή
1019 813 1109 894 προῇ
1132 805 1249 888 ἄλλοις
1271 803 1335 894 τήν
1350 803 1412 894 σήν
1428 801 1547 894 ζωήνπ

238 913 294 978 καί
317 909 543 996 ἐπιμαρτυρεῖ·
568 905 659 976 »εἶτα
679 903 898 994 μεταμελήσει
920 929 974 976 σοι
995 909 1051 976 ἐπὶ
1073 902 1194 996 γήρως,
1217 901 1315 994 ήνίκα
1336 899 1378 974 ἂν
1392 927 1588 990 :eamme-s

239 1013 325 1094 βῶσί
356 1029 418 1077 σου
444 1001 563 1092 σάρκες
590 1003 774 1090 σώματος.ι
822 1010 927 1076 τοῦτο
952 1003 1014 1093 γάρ
1041 1010 1141 1086 τέλος
1164 1010 1224 1094 τῆς
1246 1003 1397 1092 ἄφρονος
1419 998 1551 1094 ήδονής.
1663 1035 1667 1042 ·

205 1111 297 1177 ῑικαί
320 1111 426 1176 ταῦτα
447 1109 508 1190 μὲν
530 1101 650 1191 ταύτῃ·
678 1098 824 1192 ὁπηνίκα
846 1101 878 1175 δ’
904 1101 946 1175 liv
968 1111 1029 1194 φῇ·
1054 1103 1115 1194 »μή
1135 1103 1244 1186 πολύς
1264 1107 1335 1174 ἴσθι
1350 1100 1436 1190 πρὸς
1452 1099 1589 1176 άλλο-ίί

243 1212 368 1294 πρίονα
392 1209 537 1294 χρῆσθαι
558 1209 629 1292 μέν,
652 1199 714 1274 ούκ
736 1206 958 1292 ἐνδιατρίβειν
979 1211 1015 1276 δέ
1036 1211 1091 1274 καὶ
1114 1207 1333 1292 ἐναπομένειν
1353 1209 1395 1291 τῇ
1410 1210 1551 1291 κοσμικῇ

240 1309 376 1394 παιδείᾳ
395 1321 563 1391 παραινεῖ·
599 1301 818 1392 προπαιδεύει
844 1303 908 1392 γάρ
934 1311 985 1394 τῷ
1007 1310 1157 1394 κυριακῷ
1181 1299 1273 1390 λόγῳ
1297 1301 1340 1372 τὰ
1361 1301 1448 1372 κατὰ
1471 1301 1552 1384 τοὺς

242 1399 479 1492 προσήκοντας
500 1402 637 1494 καιρούς
659 1398 782 1490 ἑκάστη
805 1409 902 1495 γενεᾷ
924 1399 1167 1494 συμφερόντως
1186 1407 1354 1490 δεδομένα.
1393 1397 1475 1490 »ήδη
1491 1397 1553 1490 γάρ
1573 1415 1611 1472 10

242 1531 334 1586 τινες
356 1521 428 1586 τοῖς
451 1507 606 1592 φίλτροις
628 1508 702 1574 τῶν
723 1509 979 1590 θεραπαινίδων
998 1507 1237 1582 δελεασθέντες
1253 1496 1476 1590 ὠλιγώρησαν
1492 1507 1553 1590 τής

189 1621 225 1674 10
243 1609 434 1691 δεσποίνης,
466 1607 684 1690 φιλοσοφίας,
714 1608 771 1674 καί
792 1599 1041 1692 κατεγήρασανι
1068 1605 1102 1672 οἳ
1121 1607 1183 1690 μὲν
1205 1595 1322 1670 αὐτῶν
1344 1603 1380 1672 ἐν
1401 1607 1552 1689 μουσικῇ.

243 1705 276 1774 οἳ
306 1706 341 1772 δέ
372 1705 408 1773 ἐν
427 1709 432 1789 Ι
451 1709 651 1794 γεωμετρίᾳ,
682 1698 782 1774 ἄλλοι
813 1705 847 1798 δὲ
878 1705 915 1772 ἐν
946 1708 1171 1792 γραμματικῇ,
1202 1701 1234 1772 οί
1263 1711 1418 1772 πλεῖστοι
1449 1703 1484 1770 δέ
1515 1703 1655 1768 ἐν333Ρ

242 1801 414 1890 ῥητορική.

325 1895 411 1972 Ἀλλ’
440 1896 487 1984 ὥς
514 1898 557 1971 τά
584 1896 741 1988 ἐγκύκλια
769 1897 955 1990 μαθήματα
985 1897 1209 1988 συμβάλλεται
1234 1897 1321 1988 πρὸς
1343 1904 1552 1984 φιλοσοφίαν
1569 1911 1646 1978 80‚1

244 1998 308 2088 τήν
330 2005 515 2072 δέσποιναν
537 1996 662 2082 αὐτῶν,
686 1992 779 2072 ούτω
802 2007 857 2072 καί
877 2005 1064 2088 φιλοσοφία
1086 1997 1172 2090 αύτή
1194 1999 1280 2088 πρὸς
1295 2005 1416 2084 σοφίας
1430 2002 1551 2086 κτῆσιν

194 2117 226 2168 15
243 2117 401 2188 συνεργεῖ.
444 2101 515 2170 ἐστι
541 2097 604 2187 γάρ
630 2093 733 2187 ήμὲν
755 2107 942 2188 φιλοσοφία
972 2095 1182 2188 ἐπιτήδευσις
1204 2103 1372 2187 <σσφίας>,
1404 2091 1425 2186 ή
1446 2103 1551 2184 σοφία

244 2203 279 2270 δέ
300 2195 466 2288 ἐπιστήμη
489 2205 596 2269 θείων
616 2203 671 2268 καί
693 2195 929 2290 ἀνθρωπίνων
949 2207 1005 2270 καὶ
1027 2207 1100 2272 τῶν
1122 2196 1260 2270 τούτων
1281 2203 1411 2268 αίτίων.
1453 2203 1551 2284 κυρία

244 2305 364 2370 τοίνυν
391 2293 411 2386 ή
437 2305 540 2384 σοφία
566 2303 628 2388 τῆς
656 2307 859 2387 φιλοσοφίας
881 2295 929 2382 ως
951 2303 1060 2388 ἐκείνη
1083 2304 1143 2388 τῆς
1165 2303 1395 2388 προπαιδείας.
1437 2301 1466 2368 εί
1488 2294 1587 2384 γάρα

245 2394 442 2486 ἐγκράτειαν
464 2404 654 2484 φιλοσοφία
675 2401 915 2486 ἐπαγγέλλεται
937 2397 1090 2488 γλώσσης
1113 2425 1150 2468 τε
1171 2405 1226 2468 καί
1247 2394 1392 2487 γαστρὸς
1406 2401 1462 2466 καί
1478 2401 1551 2465 τῶν

244 2493 311 2568 ύπὸ
342 2505 500 2586 γαστέρα,
530 2503 586 2566 καὶ
616 2497 709 2568 ἔστιν
732 2494 777 2568 δι’
805 2493 912 2588 αύτήν
942 2495 1072 2588 αίρετή,
1103 2502 1287 2587 σεμνοτέρα
1318 2513 1474 2582 φανεῖται
1495 2501 1551 2564 καὶ

192 2613 228 2668 2ο
245 2601 444 2684 κυριωτέρα,
468 2601 496 2666 εί
517 2599 603 2666 θεοῦ
624 2602 722 2686 τιμής
744 2603 857 2668 τεκαὶ
880 2597 1038 2686 γνώσεως
1061 2597 1175 2667 ένεκεν
1197 2592 1438 2684 ἐπιτηδεύοιτο.

333 2703 408 2768 Τῶν
438 2701 624 2784 είρημίνων
649 2703 836 2784 μαρτυρίαν
860 2702 996 2786 παρέξει
1019 2691 1040 2785 ή
1061 2693 1173 2784 γραφή
1200 2693 1254 2765 διά
1281 2699 1403 2765 τῶνδε·
1433 2687 1590 2780 Σάρραθ

246 2815 360 2884 στείρα
382 2787 426 2886 ήν
446 2791 561 2878 πάλαι,
584 2791 728 2884 Ἀβραὰμ
750 2801 785 2865 δὲ
807 2793 898 2886 γυνή.
933 2794 977 2884 μή
1000 2803 1162 2866 τίκτουσα
1180 2789 1200 2882 ή
1217 2791 1334 2881 Σάρρα
1354 2791 1418 2882 τήν
1433 2791 1553 2878 ἑαυτῆς

245 2901 427 2986 παιδίσκην
450 2889 592 2984 ὀνόματι
611 2891 711 2984 Ἀγαρ
734 2893 798 2983 τήν
813 2899 1004 2984 Αἰγυπτίαν
1019 2899 1066 2978 είς
1080 2898 1300 2964 παιδοποιίαν
1315 2895 1487 2980 ἐπιτρέπει
1502 2895 1551 2978 τῷ

246 2991 398 3086 Ἀβραάμ.
441 2991 461 3084 ή
483 3003 586 3082 σοφία
608 3003 728 3066 τοίνυν
751 2990 771 3084 ή
793 2999 843 3114 τηὸ
866 3000 978 3084 πιστῷ
1002 2992 1159 3077 σύνοικος
1181 2991 1316 3082 (πιστὸς
1338 2995 1373 3062 δὲ
1394 2995 1553 3079 ἐλογίσθη
1573 3005 1591 3061 4

194 3111 228 3164 25
246 3091 387 3184 Ἁβραάμ
418 3103 472 3165 καὶ
503 3101 643 3177 δίκαιος)
670 3112 783 3182 στείρα
815 3123 857 3183 ην
888 3094 937 3164 ἔτι
967 3099 1023 3164 καί
1054 3091 1194 3176 άτικνος
1224 3091 1311 3164 κατὰ
1342 3088 1407 3178 τήν
1437 3087 1555 3178 γενεὰν

332 3381 425 3437 8—12
446 3379 500 3450 τρὶ
519 3379 593 3435 Stob.
612 3377 684 3434 Flor.
702 3381 727 3446 ί,
746 3381 796 3434 110
814 3377 896 3432 Mein.
915 3395 950 3450 ιρ.
969 3379 1027 3444 246,
1047 3383 1059 3432 l
1079 3377 1192 3444 Ηεαεο);
1212 3375 1292 3432 Philo
1311 3375 1351 3430 De
1368 3391 1462 3444 congr.
1480 3369 1554 3426 εταδ.

247 3483 287 3536 gr.
306 3465 338 3520 ’ίλ
358 3465 380 3532 ίί
399 3483 423 3536 p.
441 3466 493 3520 530
510 3463 549 3532 M)
572 3462 645 3530 τινες
667 3461 723 3536 γὰρ
746 3469 806 3528 τοῖς
829 3463 954 3534 φίλτροις
971 3469 1028 3517 τῶν
1045 3462 1257 3532 θεραπαινίδων
1275 3455 1474 3522 δελεασθέντες
1491 3451 1554 3512 ὠλι-

247 3546 381 3620 γώρησαν
403 3555 453 3617 τῆς
469 3549 630 3618 δεσποίνης,
649 3547 831 3618 φιλοσοφίας,
850 3547 900 3602 καί
916 3549 1117 3618 κατεγήρασαν
1135 3541 1163 3601 οἳ
1180 3543 1232 3614 μὲν
1250 3541 1281 3602 ἐν
1299 3545 1461 3612 ποιήμασιν,
1480 3536 1508 3594 οἳ
1526 3539 1556 3596 δέ

246 3629 278 3690 ἐν
295 3641 449 3706 γραμμαῖς.
467 3629 495 3688 οἳ
512 3633 542 3689 δέ
560 3629 590 3688 ἐν
607 3630 769 3702 χρωμάτων
785 3629 927 3704 κράσεσιν,
946 3627 973 3686 οἳ
991 3630 1020 3686 δὲ
1039 3627 1069 3686 ἐν
1087 3623 1185 3694 ἄλλοις
1202 3629 1321 3702 μυρίοις,
1340 3625 1374 3682 οδ
1390 3624 1556 3695 δινηθέντες

246 3715 294 3774 ἐπί
315 3719 367 3788 τήν
388 3715 476 3788 ἀστήν
498 3713 679 3788 ἀναδραμεῖν.
768 3717 882 3772 18-20
901 3715 953 3786 vgl.
973 3713 1054 3770 Philo
1072 3732 1096 3768 α
1115 3731 1139 3769 ε.
1159 3715 1189 3770 Ο.
1209 3717 1241 3770 79
1263 3715 1313 3769 καί
1329 3713 1386 3780 μην
1403 3703 1501 3778 ὥσπερ
1519 3707 1555 3764 τὰ

247 3799 380 3873 ἐγκύκλια
402 3799 591 3874 συμβάλλεται
613 3799 686 3874 πρὸς
708 3802 879 3872 φιλοσοφίας
901 3797 1056 3870 ἀνάληψιν,
1080 3793 1155 3854 οὕτω
1177 3800 1227 3854 καί
1245 3797 1400 3868 φιλοσοφία
1419 3793 1491 3866 πρὸς
1509 3810 1556 3848 αο-

248 3888 315 3955 φίας
340 3893 449 3954 ιιτήσιν.
483 3879 541 3942 ἐστι
568 3885 623 3958 γὰρ
651 3885 805 3955 φιλοσοφία
828 3881 1000 3953 ἐπιτήδευσις
1018 3883 1132 3951 σοφίας,
1160 3885 1245 3951 σοφία
1264 3880 1293 3937 δὲ
1312 3877 1449 3948 ἐπιστήμη
1466 3877 1556 3934 θείων

247 3973 297 4027 καί
323 3969 514 4042 ἀνθρωπίνων
540 3971 589 4026 καί
616 3977 673 4026 τῶν
699 3967 808 4026 τούτων
835 3967 940 4024 αίτίων.
977 3961 1078 4038 γένοιτ’
1102 3962 1137 4022 ἂν
1164 3957 1215 4022 οὖν
1240 3959 1339 4036 ὥσπερ
1367 3963 1383 4032 ή
1410 3959 1556 4032 ἐγκύκλιος

247 4056 370 4124 μουσική
389 4055 570 4126 φιλοσοφίας,
589 4049 664 4110 οθτοι
681 4055 731 4110 καί
749 4054 903 4124 φιλοσοφία
921 4051 1005 4122 δούλη
1025 4051 1135 4121 σοφίας.
1167 4049 1320 4120 φιλοσοφία
1339 4045 1369 4102 δέ
1387 4042 1556 4118 ἐγκράτειαν

248 4137 302 4208 μὲν
319 4139 459 4210 γαστρός.
481 4136 651 4214 ἐγκράτειαν
668 4137 698 4196 δέ
715 4145 772 4194 τῶν
789 4136 861 4207 μετὰ
881 4135 1018 4208 γαστέρα,
1046 4133 1215 4208 ἐγκράτειαν
1232 4132 1261 4190 δέ
1278 4133 1328 4188 καί
1345 4126 1473 4200 γλώττης
1490 4125 1556 4184 ἀνα-

248 4221 381 4280 διδάσκει.
415 4221 632 4294 ταῦταλέγεται
650 4221 703 4292 μὲν
721 4216 794 4280 εἶναι
812 4215 847 4278 δι’
859 4219 930 4278 αὐτὰ
949 4219 1057 4292 αίρετοί,
1076 4219 1234 4288 σεμνότερα
1252 4215 1282 4273 δε
1300 4208 1423 4285 φαίνοιτ’
1441 4208 1512 4278 ιδν,
1531 4209 1558 4268 εί

249 4311 321 4364 θεοῦ
346 4313 429 4378 τιμῆς
453 4311 503 4365 καί
524 4305 674 4382 ἀρεσκείας
695 4301 780 4364 ἕνεκα
803 4303 1003 4375 ἐπιτηδεύοιτο.
1085 4295 1555 4370 15ίτατῦείὶυἱίίοατρί.Ρεεδ.

251 4393 535 4456 Ματταθίου.
616 4391 891 4464 21-24vg1.Gen.
912 4389 1016 4456 11,30;
1045 4389 1085 4450 16,
1105 4385 1144 4442 ls
1221 4385 1289 4442 ΕΗ
1313 4383 1366 4452 vgl.
1391 4383 1458 4438 Gen.
1483 4383 1557 4448 15,ss

250 4475 337 4544 (Βλίτα
355 4481 379 4538 4,
397 4475 424 4537 3)

336 4711 374 4766 14
398 4713 501 4782 σοφίας
522 4710 602 4766 Philo
625 4707 835 4780 φιλοσοφίαςίι
909 4678 954 4764 '15
988 4705 1103 4776 σοφίας)
1127 4721 1175 4760 aus
1192 4701 1274 4758 Philo
1306 4789 1322 4818 ἢ

1308 4787 1342 4840 Β*
