3760 5534
551 553 690 608 strom
708 550 753 606 IV.
775 551 841 621 Cap.
853 549 899 604 lIL
919 549 959 618 12,
970 547 1086 620 θ-Οερ.
1099 547 1145 602 1v.
1165 551 1205 616 16,
1218 552 1241 605 1.
1491 557 1551 618 255

246 713 343 806 ήμῶν
365 715 419 787 διά
441 713 506 804 τήν
528 719 591 786 τοῦ
612 721 688 798 βίου
710 707 908 802 ὁμοιότητα.
952 707 1073 782 αὐτίκα
1103 719 1277 784 τελείωσιν
1303 709 1343 782 τὸ
1365 711 1587 802 μαρτύριονθ

245 821 414 904 καλοῦμεν
435 810 495 902 οὐχ
522 806 577 886 ότι
603 819 702 896 τέλος
729 817 792 884 τοῦ
813 819 888 896 βίου
909 805 928 882 ό
951 809 1140 900 ἄνθρωπος
1162 815 1281 898 ἔλαβεν
1302 809 1350 894 ῶς
1371 815 1403 884 οί
1425 819 1551 896 λοιποί,

246 911 324 988 ἀλλ’
352 907 407 986 ότι
438 921 570 986 τέλειον
599 915 698 1002 ἔργον
729 907 861 1002 ἀγάπης
887 913 1085 998 ἐνεδείξατο.
1126 919 1182 984 καί
1204 913 1237 983 οί
1259 919 1399 984 παλαιοί
1421 917 1456 984 δὲ
1479 919 1589 984 τῶνε

245 1007 479 1104 παρ’Ἕλλησι
501 1019 575 1083 τῶν
596 1015 633 1084 ἐν
654 1017 792 1100 πολέμῳ
813 1005 1072 1084 ἀποθανόντων
1086 1009 1151 1100 τήν
1166 1009 1331 1100 τελευτήν
1345 1014 1552 1087 ἐπαινοῦσιν,

212 1137 229 1190 ο
247 1109 288 1186 οὐ
309 1111 350 1186 τό
372 1119 490 1202 βιαίως
514 1108 747 1199 ἀποθνήσκειν
768 1108 1062 1202 συμβουλεύοντες,
1085 1107 1160 1182 ἀλλ’
1176 1103 1230 1180 ότι
1252 1107 1271 1182 ὁ
1293 1109 1381 1182 κατὰ
1402 1107 1554 1198 πόλεμον

247 1219 420 1286 τελευτῶν
452 1207 551 1302 ἀδεής
576 1217 640 1284 τοῦ
661 1219 781 1282 θανεῖν
806 1207 1036 1300 ἀπήλλακται,
1067 1205 1279 1300 ἀποτμηθείς
1300 1217 1365 1282 τοῦ
1386 1209 1553 1298 σώματος,

245 1321 301 1386 καί
332 1309 374 1384 οὐ
402 1311 592 1404 προκαμιόν
627 1317 670 1400 τῇ
705 1317 794 1398 φυχῇ
825 1307 903 1382 οὐδὲ
939 1316 1262 1399 καταμαλακιοθείς,
1301 1309 1356 1382 σία
1385 1317 1462 1398 περί
1493 1309 1554 1392 τὰς

248 1409 371 1495 νόσους
396 1405 583 1498 πάσχουσιν
608 1412 641 1481 σί
668 1409 861 1498 ἀνθρωποι·
897 1406 1181 1482 ἀπαλλάττονται
1203 1408 1265 1498 γάρ
1287 1405 1553 1498 θηλυκευόμενοι

247 1517 302 1582 καί
334 1505 536 1600 ίμειρόμενσι
566 1515 630 1582 τοῦ
656 1515 723 1599 ζῆν.
766 1507 821 1580 διὰ
848 1515 956 1580 ταῦτα
982 1505 1060 1580 οὐδὲ
1082 1508 1240 1598 καθαρὰν
1259 1503 1465 1580 ἀπολύουσιν
1488 1507 1553 1598 τήν
1572 1519 1648 1586 lm

198 1631 231 1684 10
249 1608 369 1700 ψυχήν,
392 1604 466 1680 ἀλλ’
482 1605 598 1698 ὥσπερ
618 1613 819 1698 μολυβδίδας
841 1607 903 1692 τὰς
923 1611 1105 1696 ἐπιθυμίας
1118 1603 1198 1698 μεθ’
1215 1609 1336 1700 ἑαυτῆς
1352 1615 1552 1698 φερομένην,

249 1717 277 1782 εί
297 1705 342 1799 μή
365 1735 455 1790 τινες
477 1706 616 1780 τούτων
637 1705 809 1798 ἐλλόγιμοι
830 1703 908 1778 κατ’
932 1704 1058 1798 ἀρετήν
1079 1705 1265 1797 γεγόνασιν.
1305 1713 1365 1778 είσί
1387 1711 1422 1778 δε
1443 1713 1499 1778 καί
1521 1711 1590 1777 οἳθ

248 1813 286 1880 ἐν
307 1813 446 1898 πολέμῳ
468 1803 544 1894 μετ’
567 1811 758 1896 ἐπιθυμιῶν
780 1803 1067 1896 ἀποθνήσκουσιν,
1089 1803 1188 1878 οὐδὲν
1210 1797 1307 1879 οὗτοι
1326 1813 1553 1896 διαφέροντες,

250 1903 302 1996 (ἢ)
322 1913 350 1978 εί
371 1912 425 1976 καί
449 1903 539 1995 νόσῳ
554 1913 853 1996 κατεμαραίνοντο.
882 1912 911 1978 εί
926 1915 1045 1981 τοίνυν
1059 1903 1080 1996 ή
1094 1905 1181 1994 πρὸς
1196 1904 1282 1978 θεὸν
1297 1900 1461 1996 ὁμολογία
1475 1933 1555 1996 μαρ
1573 1919 1592 1976 ⁸

250 2015 347 2094 τυρία
368 2011 453 2090 ἐστί,
484 2011 576 2076 πᾶσα
597 2001 618 2096 ή
639 2013 803 2094 καθαρῶς
831 2011 1101 2096 πολιτευσαμένη
1131 2003 1220 2096 ψυχή
1241 2003 1318 2096 μετ’
1340 2005 1556 2095 ἐπιγνώσεως

200 2125 233 2180 1ο
250 2113 313 2178 τοῦ
334 2111 427 2188 θεοῦ,
450 2101 470 2194 ή
490 2125 563 2188 ταῖς
585 2109 739 2188 ἐντολαῖς
757 2101 978 2196 δπακηκουία,
1000 2103 1128 2197 μάρτυς
1147 2109 1285 2178 ἐστίκαλ
1302 2111 1435 2196 βίῳκαὶ
1452 2103 1555 2196 λόγῳ,

250 2199 347 2287 ὅπως
372 2209 458 2277 ποτέ
485 2211 548 2276 τοῦ
574 2203 731 2294 σώματος
757 2202 1029 2288 ἀπαλλάττεται,
1061 2205 1138 2278 οίον
1165 2205 1244 2294 αίμα
1267 2203 1332 2294 τήν
1352 2212 1468 2276 πίστιν
1490 2201 1554 2276 ἀνά

251 2304 314 2376 τὸν
344 2311 419 2388 βίον
450 2297 602 2388 ἅπαντα,
632 2303 718 2392 πρὸς
749 2311 784 2376 δέ
813 2313 869 2376 καί
900 2305 964 2396 τήν
995 2307 1115 2393 ἔξοδον
1144 2310 1342 2394 προχέουσα.
1384 2300 1504 2376 αὐτίκα
1535 2299 1592 2374 όί

250 2403 365 2492 κόριος
386 2407 424 2474 ἐν
446 2410 498 2494 τῷ
521 2401 703 2494 εὐαγγελίῳ
726 2411 842 2494 φησίν·
882 2399 937 2490 ιός
960 2403 1002 2476 ἀν
1023 2411 1212 2492 καταλείφη
1234 2409 1364 2490 πατέρα
1386 2399 1408 2492 ἢ
1428 2409 1556 2492 μητέρα

251 2497 480 2592 ἢάδελφοὺςι
509 2509 564 2573 καλ
591 2503 635 2575 τά
661 2505 735 2594 ἑξῆς
763 2505 895 2574 »ἕνεκεν
921 2511 984 2574 τοῦ
1010 2501 1203 2594 εὐαγγελίου
1224 2509 1280 2574 καὶ
1302 2509 1365 2576 τοῦ
1387 2498 1556 2592 όνόματός

200 2621 234 2674 20
250 2631 334 2691 μσυι
358 2597 521 2691 μακάριος
543 2599 670 2685 οὐτοσί,
694 2599 735 2674 οὐ
757 2601 821 2692 τήν
843 2599 958 2693 ἀπλῆν
980 2607 1155 2693 ἐμφαίνων
1169 2609 1368 2692 μαρτυρίαν,
1391 2599 1478 2674 ἀλλὰ
1493 2601 1557 2692 τήν

252 2697 455 2792 γνωστικήν,
478 2697 527 2782 ῶς
547 2701 635 2772 κατὰ
657 2699 721 2772 τόν
741 2700 870 2776 κανόνα
893 2709 956 2774 τοῦ
978 2700 1173 2792 εὐαγγελίου
1193 2699 1480 2790 πολιτευσάμενος
1502 2699 1556 2772 διὰ

251 2807 313 2890 τῆς
334 2801 421 2891 πρός
443 2799 507 2872 τὸν
528 2799 648 2890 κόριον
669 2797 814 2890 ἀγάπης·
850 2809 978 2892 γνῶσιν
1004 2801 1067 2891 γὰρ
1089 2806 1238 2890 σημαίνει
1261 2797 1281 2888 ἡ
1304 2807 1367 2872 τοῦ
1388 2795 1556 2890 ὀνόματος
1574 2811 1592 2865 5

252 2905 373 2989 είδησις
394 2909 450 2972 καί
472 2899 492 2992 ἦ
515 2906 578 2972 τοῦ
599 2897 794 2990 εὐαγγελίου
818 2899 941 2990 νόησις,
965 2895 1040 2972 ἀλλ’
1056 2895 1098 2972 σύ
1112 2897 1218 2989 ψιλήν
1237 2899 1302 2989 τήν
1315 2907 1556 2988 προσηγορίαν,

250 3039 293 3072 ιι
309 2997 489 3072 ἀπολιπεῖν
510 3005 571 3088 μὲν
593 3006 690 3088 γένος
713 2997 753 3070 τό
781 2995 953 3090 κοσμικόν,
976 2995 1158 3072 ἀπολιπείν
1180 3005 1214 3071 δέ
1237 2995 1355 3070 οὐσίαν
1368 3005 1424 3070 καί
1439 3004 1557 3087 κτῆσιν

200 3119 234 3174 25
251 3105 364 3172 πᾶσαν
386 3097 441 3170 διά
463 3097 505 3170 τό
528 3095 765 3186 ἀπροσπαθῶς
785 3105 890 3182 βιοῦν.
925 3098 1037 3191 μήτηρ
1059 3105 1142 3188 γοῦν
1163 3094 1183 3190 ή
1204 3105 1328 3187 πατρίς
1349 3105 1405 3170 καὶ
1428 3095 1557 3186 τροφός

251 3197 503 3290 άλληγορειται,
534 3203 678 3286 πατέρες
703 3203 739 3268 δὲ
765 3201 797 3270 οί
826 3197 924 3289 νόμοι
951 3201 983 3270 οί
1009 3207 1190 3272 πολιτικοί.
1232 3196 1317 3288 ἀδὴ
1344 3193 1593 3288 όπεροπτέονθ

252 3295 456 3388 εὐχαρίστως
487 3305 538 3388 τῷ
569 3297 801 3387 μεγαλόφρονι
833 3303 952 3386 δικαίῳ
973 3297 1087 3369 ἕνεκεν
1113 3305 1177 3370 τοῦ
1204 3305 1307 3386 φίλον
1328 3303 1483 3384 γενέσθαι
1505 3303 1556 3386 τῷ

252 3405 325 3484 θεῷ
346 3404 402 3468 καί
425 3415 537 3484 τυχεῖν
558 3403 632 3466 τῶν
653 3401 774 3484 δεξιῶν
795 3403 908 3486 μερῶν
930 3403 992 3470 τοῦ
1014 3393 1237 3488 ἀγιάῐσματος,
1267 3393 1425 3486 καθάπερ
1447 3403 1501 3468 καί
1524 3399 1660 3468 0157112

253 3493 440 3570 ἀπόστολοι
461 3493 694 3586 πεποιήκασιν.

201 3615 236 3672 30
335 3598 420 3668 Είτα
441 3591 655 3684 Ἡράκλειτος
683 3601 745 3686 μέν
777 3619 880 3685 φησιν
912 3593 1140 3684 εάρηιφάτους
1171 3603 1245 3670 θεοὶ
1274 3603 1396 3687 τιμῶσι
1423 3601 1477 3666 καί
1501 3593 1557 3666 ἀν·
1578 3611 1653 3672 lm

252 3708 423 3786 θρωποι,ι
457 3703 512 3766 καί
534 3691 684 3766 Πλάτων
705 3699 742 3766 ίν
765 3702 816 3784 τῷ
838 3701 982 3785 πέμπτῳ
1011 3701 1072 3784 τῆς
1094 3703 1273 3780 Πολιτείας
1295 3693 1428 3786 γράφει·
1467 3699 1559 3764 »τῶν

337 3884 357 3938 ⁸
383 3881 439 3954 ταί.
462 3881 523 3936 Jsk.
549 3883 576 3948 1,
598 3883 678 3951 δί’ί)
771 3882 815 3938 M
840 3881 894 3952 τρὶ.
921 3901 943 3936 τ.
968 3883 998 3937 Β.
1023 3882 1112 3938 Thuk.
1134 3885 1158 3938 11
1186 3883 1309 3947 35-46ς
1338 3881 1419 3938 Plato
1451 3881 1557 3936 Uenox.

252 3965 406 4040 pmcn
483 3969 576 4024 0-11
597 3966 1055 4038 vgl.1>1atoaep.v11p.519ffl
1139 3965 1559 4038 18-2οτςί.11ατ1.10,2θί;

253 4051 352 4107 natm
372 4054 412 4118 19,
429 4051 462 4106 29
543 4051 582 4108 28
601 4050 655 4121 vgl.
674 4050 773 4105 matth.
791 4053 832 4116 25,
850 4055 896 4114 33;
918 4051 1067 4106 Strom.1V
1083 4053 1151 4118 30,1
1234 4051 1299 4106 801
1316 4050 1442 4106 Ηετολίίί
1455 4051 1496 4104 Fr.
1512 4051 1559 4104 10‘2

254 4138 329 4207 Βγττ.
346 4137 379 4192 24
403 4136 490 4200 Diem
517 4135 914 4206 τρίΊῚιεοιίοτείίὶτοίλα
936 4135 1050 4192 V11139
1135 4135 1244 4192 θί-θ.
1263 4135 1367 4194 25Μ
1391 4135 1470 4190 Plato
1494 4135 1559 4205 nep.

340 4372 635 4440 ίκαταμαλακισθείς
651 4387 718 4426 οοττ.
731 4370 759 4426 in
776 4373 1059 4439 καταμαλθακισθείς
1073 4371 1107 4424 ίι2
1177 4371 1214 4426 18
1234 4367 1276 4436 ιήγ
1291 4369 1338 4422 Ma
1408 4369 1472 4426 141
1487 4363 1560 4438 (μετ’

253 4453 342 4528 έαιγν.
366 4463 416 4512 τοῦ
437 4461 509 4513 θεοῦ
531 4457 567 4526 [η]
591 4477 615 4513 τ.
633 4453 688 4514 ἐντ.
706 4451 798 4521 έπακ.)
822 4455 870 4508 Mn
955 4457 992 4511 15
1015 4451 1193 4522 ὑπακηκοντα
1210 4451 1328 4508 Ηθεοίτεί
1347 4449 1464 4524 έπακηκ.
1483 4455 1504 4508 1,

255 4543 293 4598 10
309 4539 518 4598 ἀπαλλάττεται
531 4542 578 4596 Ma
594 4537 805 4608 ἀπαλλάττηται
823 4537 844 4592 L
926 4541 962 4596 17
982 4539 1144 4610 προχέουσα
1162 4543 1249 4594 Δαοο.
1262 4537 1308 4592 bei
1326 4537 1461 4596 vinoison
1473 4539 1559 4610 Ερίελ

254 4625 346 4680 vinu.
368 4645 394 4697 ρ.
411 4629 445 4682 116
467 4623 647 4698 προαχέοισα
672 4625 692 4678 L
773 4624 813 4680 24
836 4618 890 4692 (ὼς
912 4627 996 4692 δῆλον
1018 4621 1050 4680 ἐκ
1067 4633 1131 4678 του
1157 4619 1309 4680 ἀπολιπεῖν
1335 4623 1368 4678 St
1394 4627 1458 4692 (την
1480 4625 1558 4679 δυνα-

253 4709 342 4780 μένην
358 4704 384 4766 δ’
398 4705 433 4766 ἀν
466 4711 545 4765 Sehw
