3704 5530
555 549 694 606 stromata
710 548 756 604 VI.
780 549 843 622 Gap.
857 551 889 606 X.
907 549 949 618 80,
962 549 1078 622 θ-Οερ.
1089 549 1136 606 Xl.
1154 550 1196 616 8⁴,
1207 553 1232 606 0.
1487 559 1545 618 473

241 711 403 802 διαστολὴ
426 717 461 784 δέ
484 719 558 784 τῶν
580 739 616 784 τε
639 706 822 802 ὀνομάτων
843 718 918 786 τῶν
939 741 976 786 τε
997 709 1210 804 πραγμάτων
1230 706 1295 784 κάν
1315 731 1388 796 ταις
1403 731 1547 802 γραφαῖς

241 808 360 896 αύταλς
379 818 463 902 μέγα
485 818 560 900 φῶς
582 815 729 884 ἐντίκτει
751 831 825 896 ταῖς
844 833 977 902 ιρυγαις·
1000 809 1185 904 ἀναγκαῖον
1199 812 1262 902 γάρ
1278 811 1457 886 ἐπακούειν
1471 817 1547 884 τῶν

242 939 279 982 τε
301 918 442 984 πλείονα
469 918 708 1002 σημαινσυσιῖιν
734 917 862 998 λέξεων
881 919 937 984 καί
960 919 1034 984 τῶν
1054 911 1238 996 πλειόνων,
1269 905 1356 984 όταν
1378 915 1414 984 ἐν
1437 942 1470 984 τι
1492 937 1548 1002 ση-

241 1019 421 1100 μαίνωσιν·
444 1003 530 1084 ὅθεν
551 1019 607 1084 καί
629 1009 670 1083 τό
693 1005 810 1098 ὀρθῶς
825 1009 1069 1100 ἀποκρίνεσθαι
1083 1019 1299 1102 περιγίνεται.
1333 1011 1399 1102 τὴν
1412 1013 1547 1103 πολλὴν
1564 1027 1583 1084 4

208 1116 278 1188 5όέ
300 1105 483 1200 ἀχρηστίαν
504 1117 745 1202 παραιτητέον,
767 1107 1026 1200 άπασγολούσαν
1047 1117 1123 1201 περί
1144 1110 1188 1183 τά
1202 1117 1305 1201 μηδὲν
1319 1109 1546 1202 προσήκοντα,

242 1213 346 1282 σίονεί
369 1215 406 1282 δέ
428 1219 612 1293 συναιτίοις
633 1207 931 1300 προγυμνάσμασιν
954 1215 999 1296 είς
1018 1239 1055 1282 τε
1071 1209 1136 1302 τὴν
1151 1207 1270 1300 ἀκριβῆ
1284 1207 1472 1300 παράδοσιν
1488 1217 1548 1302 τῆς

241 1307 417 1400 ἀληθείας,
445 1307 530 1382 ὅσον
554 1305 705 1396 ἐφικτόν,
727 1317 784 1382 καί
805 1306 1057 1398 ἀπερίσπαστον
1086 1317 1325 1400 ουγχρωμένου
1346 1327 1420 1394 τοις
1439 1307 1549 1400 μαθή-

242 1433 322 1500 μασι
345 1415 407 1481 τοῦ
428 1414 620 1499 γνωστικού
641 1417 696 1480 καὶ
719 1415 765 1494 είς
783 1409 1012 1500 προφυλακὴν
1027 1417 1100 1482 τῶν
1113 1407 1418 1497 κακοτεχνούντων
1432 1406 1549 1501 λόγων

242 1509 329 1598 πρὸς
356 1507 506 1598 ἐκκοπὴν
530 1513 592 1598 τῆς
618 1503 788 1600 ἀληθείας.
831 1507 894 1583 ούκ
915 1507 1210 1601 ἀπολειφθήσεται
1231 1515 1349 1580 τοίνυν
1371 1515 1444 1580 τοῖιν
1466 1537 1548 1596 προ·
1566 1525 1644 1594 em

192 1631 226 1686 10
242 1607 451 1682 κοπτόντων
481 1615 557 1696 περὶ
588 1605 649 1691 τάς
677 1607 840 1699 μαθήσεις
870 1609 932 1694 τὰς
961 1613 1156 1698 ἐγκυκλίους
1180 1617 1235 1680 καλ
1262 1607 1326 1699 την
1351 1603 1549 1700 Ἑλληνικὴν

243 1715 461 1797 φιλοσοφίαν,
486 1703 559 1780 ἀλλ’
575 1704 617 1780 ού
638 1706 725 1780 κατά
745 1707 809 1780 τὸν
822 1707 1082 1800 προηγούμενον
1097 1705 1210 1798 λόγον,
1234 1707 1298 1782 τὸν
1313 1713 1348 1780 όέ
1363 1703 1549 1798 ἀναγκαῖον

243 1817 297 1880 καί
320 1807 480 1896 δεύτερον
501 1815 557 1880 καί
578 1805 831 1896 περιστατικόν·
854 1807 904 1892 οίς
926 1807 989 1900 γάρ
1012 1805 1055 1880 άν
1074 1807 1278 1898 πανούργως
1298 1804 1493 1930 χρησωνται
1515 1811 1549 1880 σί

242 1907 330 1980 κατὰ
353 1907 413 1991 τάς
435 1909 574 1996 αίρέσεις
594 1905 814 1998 πονούμενοι,
846 1905 983 1992 τούτοις
1006 1901 1025 1981 ό
1047 1905 1237 1998 γνωστικὸς
1258 1913 1306 1991 είς
1326 1936 1364 1980 ευ
1383 1905 1548 1998 καταχρή-

244 2031 344 2080 σεται.
379 2013 514 2098 μερικῆς
537 1999 600 2080 σύν
620 2006 848 2097 τυγχανούσης
869 2013 931 2098 τῆς
944 2005 1033 2080 κατά
1048 2006 1112 2098 τὴν
1125 2001 1324 2098 Ἑλληνικὴν
1339 2014 1548 2096 φιλοσοφίαν
1565 2020 1584 2076 0

193 2129 225 2184 10
243 2111 489 2198 ἐμφαινομένης
511 2103 683 2198 ἀληθείας,
706 2102 727 2196 ἦ
748 2113 802 2196 τῷ
824 2099 899 2178 ὄντι
920 2103 1074 2198 ἀλήθεια,
1102 2104 1218 2196 ὥσπερ
1241 2103 1336 2196 ἥλιος
1356 2103 1548 2196 ἐπιλάμρας

245 2207 289 2278 τά
317 2207 481 2297 χριύματα
510 2213 566 2279 καλ
593 2206 634 2278 τὸ
661 2204 783 2278 λευκόν
807 2215 864 2278 καλ
891 2205 932 2278 τὸ
953 2212 1067 2296 μέλαν,
1097 2201 1220 2280 ύποῐον
1249 2209 1393 2278 ἕκαστον
1421 2203 1548 2288 αύτῶν,

245 2310 476 2383 διαδείκνυσιν,
508 2297 620 2388 ούτως
646 2311 683 2378 δέ
709 2315 765 2377 καὶ
789 2302 875 2395 αύτὴ
897 2311 1011 2380 πάσαν
1033 2309 1158 2396 ἐλέγχει
1180 2303 1381 2394 σοφιστικὴν
1403 2315 1551 2376 πιθανο·

245 2411 373 2496 λογίαν.
416 2403 557 2488 εἰκότως
577 2405 643 2494 ἀρα
663 2405 1004 2496 προαναπεφοάνηται
1025 2412 1080 2477 καί
1102 2423 1175 2488 τοῖς
1189 2399 1362 2494 Ἕλλησιν·
1569 2423 1589 2478 ⁸

537 2583 622 2678 ἀρχά
643 2585 789 2678 μεγάλας
811 2584 943 2678 ἀρετᾶς,
965 2583 1103 2660 ὤνασσα
1124 2585 1280 2677 ἀλήθεια.

194 2789 229 2846 00
328 2773 380 2840 xl.
411 2765 578 2858 Καθάπερ
604 2761 668 2842 σύν
697 2773 752 2842 ἐπί
784 2775 845 2860 τῆς
874 2765 1099 2860 ἀστρονομίας
1129 2773 1247 2861 ἔχομεν
1277 2765 1462 2860 ύπόόειγμα
1489 2767 1552 2842 τόν
1571 2791 1648 2856 om

244 2864 402 2961 Ἀβραάμ,
433 2861 546 2952 ούτως
575 2871 630 2944 ἐπί
663 2875 721 2960 τῆς
747 2865 972 2960 ἀριθμητικῆς
998 2867 1062 2942 τὸν
1087 2865 1196 2942 αύτὸν
1215 2865 1366 2960 Ἀβραάμ.
1408 2866 1590 2952 ἀκούσαςε

246 2967 309 3058 γάρ
339 2965 394 3042 ότι
424 2965 638 3060 αἰχμάλωτος
667 2967 802 3060 ἐλήφθη
828 2963 847 3042 ό
870 2969 966 3055 Αοότ,
998 2968 1080 3052 τούς
1108 2973 1214 3052 ίδίους
1241 2979 1246 3054 Ι
1273 2974 1455 3060 οίκσγενελς
1486 2967 1552 3060 τιη’
1572 2995 1656 3052 m

247 3066 435 3160 ἀριθμήσας
456 3077 511 3142 καί
533 3070 730 3158 ἐπεξελθών
756 3065 940 3158 πάμπολυν
966 3065 1114 3160 ἀριθμὸν
1136 3075 1209 3140 τῶν
1230 3075 1405 3158 πολεμίων
1426 3073 1554 3160 χειροῦ-

248 3198 311 3242 ται.
342 3175 444 3257 φασίν
467 3161 529 3242 ούν
551 3171 636 3242 εἶναι
658 3175 722 3242 τοῦ
743 3173 805 3259 μὲν
827 3175 989 3257 κυριακοῦ
1009 3173 1146 3258 σημείου
1162 3165 1273 3239 τύπον
1287 3167 1375 3240 κατὰ
1390 3166 1431 3240 τό
1447 3173 1555 3260 σχῆμα
1573 3187 1592 3244 8

196 3288 230 3344 20
249 3268 289 3342 τό
312 3267 572 3358 τριακοσιοοτὸν
594 3287 770 3358 στοιχεῖον,
802 3267 843 3344 τό
865 3273 901 3340 δέ
922 3273 1010 3340 ίῶτα
1036 3275 1093 3340 καί
1115 3263 1156 3338 τό
1179 3257 1245 3356 ἦτα
1266 3259 1418 3356 τούνομα
1439 3275 1554 3358 σημαί-

249 3397 320 3442 νειν
350 3367 392 3440 τὸ
421 3365 605 3460 σωτήρων·
641 3365 828 3458 μηνύεσθαι
863 3374 982 3440 τοίνυν
1013 3369 1094 3450 τούς
1124 3361 1268 3456 Ἀβραάμ
1299 3371 1442 3452 οίκελσυς
1472 3369 1592 3444 είναιε

248 3467 336 3540 κατὰ
368 3465 432 3558 τὴν
462 3475 643 3558 σωτηρίαν,
677 3467 758 3552 τούς
784 3473 835 3558 τῷ
862 3473 989 3558 σημείῳ
1015 3473 1070 3536 καὶ
1097 3472 1150 3557 τῷ
1177 3461 1320 3556 ὀνόματι
1341 3489 1553 3556 προσπεφευ-

248 3565 365 3656 γότος,
401 3575 537 3656 κυρίους
566 3573 739 3656 γεγονέναι
770 3573 844 3638 τῶν
873 3561 1198 3658 αίχμαλωτιζόντων
1227 3573 1283 3637 καί
1313 3571 1387 3636 τῶν
1418 3563 1555 3648 τούτοις

250 3663 542 3740 ἀκολουθούντων
571 3663 789 3758 παμπόλλων
819 3661 976 3738 ἀπίστων
1005 3669 1130 3736 ἐθνῶν.
1173 3659 1237 3756 ἤδη
1263 3670 1299 3736 δέ
1326 3659 1345 3738 ό
1370 3671 1432 3754 μέν
1464 3682 1591 3752 τρια-θ

199 3785 233 3840 30
249 3763 346 3840 κύσια
374 3763 520 3858 ἀριθμός
549 3761 644 3855 τριάς
674 3769 766 3838 ἐστιν
796 3769 835 3836 ἐν
864 3761 1079 3850 έκατσντάύι,
1110 3759 1252 3854 ἧόεκάς
1278 3769 1312 3836 δὲ
1339 3759 1554 3854 όμολογείται

249 3875 450 3950 παντέλειος
472 3867 565 3938 εἶναι.
609 3859 628 3936 ύ
650 3871 686 3938 δέ
707 3860 812 3949 όκτῶ,
833 3863 935 3952 κύβος
950 3859 969 3936 ό
984 3870 1134 3954 πρῶτος,
1155 3859 1175 3956 ἦ
1197 3861 1313 3952 ίσότης
1330 3867 1368 3936 ἐν
1385 3867 1393 3954 Ι
1410 3859 1555 3946 ἀπάσαις
1572 3883 1591 3939 0
1608 3881 1689 3940 2008

253 3984 326 4050 ταις
348 3961 546 4048 διαστάσεσι,
567 3961 704 4056 μήκους,
727 3961 889 4048 πλάτους,
911 3961 1049 4050 βάθους.

338 4159 497 4218 ίθΡίυιλατ
514 4159 793 4216 mmmmm
873 4157 1368 4230 2ofvgl.8.471‚291mitAm
1441 4157 1557 4212 21-24

253 4247 308 4316 τρὶ
333 4247 468 4310 Gen-14,
493 4245 549 4302 141
634 4245 749 4302 24-20
774 4243 831 4314 τρλ.
854 4242 972 4298 Βετυείι.
995 4241 1046 4312 Ep.
1063 4243 1129 4310 9‚8
1216 4241 1282 4298 8⁰1
1304 4240 1358 4312 τρί.
1382 4259 1404 4294 τ.
1424 4239 1454 4294 B.
1476 4239 1558 4294 Philo

253 4330 389 4470 geum
391 4329 565 4484 τῦειξυίθὲέθῐς)
576 4327 617 4384 De
634 4345 727 4398 congr.
746 4327 820 4384 erud.
839 4346 879 4400 gr.
896 4327 938 4384 88.
956 4327 990 4384 90
1008 4327 1030 4396 (I
1048 4345 1074 4398 p.
1091 4327 1265 4394 2000321)
1335 4325 1401 4382 ⁸11
1423 4323 1559 4394 τρίαβ.

341 4589 355 4646 λ
384 4585 585 4660 συγγρινμένον
606 4587 645 4642 Po
673 4581 933 4657 συγχρωμένουςί.
1012 4585 1050 4642 1⁸
1072 4584 1106 4642 τὸ
1129 4575 1187 4654 <εύ>
1206 4585 1254 4640 Ma
1331 4583 1368 4640 u
1393 4589 1510 4658 μερικῆς
1530 4583 1562 4638 St

252 4689 416 4760 μερικῶςί.
499 4688 536 4744 Ιθ
554 4685 629 4758 ἀρχὰ
646 4703 714 4744 οοτε.
732 4682 872 4758 ασεάρχη
890 4685 924 4740 ίεῑ
1004 4685 1041 4742 81
1061 4701 1106 4740 στα
1124 4685 1204 4740 Βασὰ
1325 4685 1360 4740 L’
