3772 5532
597 514 737 570 stromata
755 515 789 570 IL
811 513 875 586 Cap.
889 513 922 568 II.
939 515 964 584 9,
976 515 1092 586 5—Cap.
1106 515 1151 572 IV.
1171 519 1210 582 14,
1223 517 1248 572 2.
1525 527 1583 586 119

271 675 348 752 ούδέ
375 672 394 750 ό
416 675 544 767 πατήρ·
571 673 659 750 ἀλλὰ
683 673 777 762 θεός,
808 679 914 766 οἶμαι,
946 673 967 767 ή
989 686 1064 750 τῶν
1090 677 1228 766 φύσεων
1254 675 1370 762 αύτσις
1396 677 1583 768 εύρίσκεται

270 775 432 868 διανομή,
474 777 537 849 τὸν
569 783 729 866 θεμέλιον
765 783 826 866 τῆς
857 785 1039 866 σωτηρίας,
1075 777 1141 868 τήν
1170 777 1326 850 ἑκούσιον
1352 787 1483 865 πίστιν,
1520 777 1583 852 οῦκ

271 879 399 965 ἔχουσα.

353 981 407 1046 IV.
434 975 539 1066 Ἡμεῖς
561 982 596 1050 δὲ
619 980 651 1048 ολ
674 975 738 1066 τήν
761 980 888 1065 αἳρεσιν
909 983 965 1048 καὶ
988 977 1101 1067 φυγήν
1116 973 1276 1050 δεδόσθω
1292 997 1364 1062 τοις
1378 975 1581 1068 ἀνθρώποις
1599 987 1675 1052 ΙΜ

237 1071 563 1168 οαῦτοκρατσρικήν
590 1083 595 1164 Ι
622 1075 716 1167 παρὰ
747 1081 810 1148 τοῦ
840 1083 961 1162 κυρίου
986 1077 1041 1148 διὰ
1067 1084 1141 1148 τῶν
1163 1084 1308 1166 γραφῶν
1328 1075 1580 1168 παρειληφότες
1599 1088 1677 1142 1578

271 1171 508 1266 ἀμεταπτώτῳ
530 1182 691 1266 κριτηρίῳ
714 1183 757 1265 τῇ
778 1183 890 1248 πίστει
912 1175 1219 1264 ἐπαναπαυῶμεθα,
1243 1175 1283 1248 τὸ
1304 1184 1436 1268 πνεῦμα
1450 1177 1580 1268 πρόθυ-

269 1302 335 1364 μον
357 1272 591 1364 ἐνδειξάμενος
614 1269 669 1346 ότι
691 1271 850 1362 εἱλόμεθα
872 1277 937 1364 τήν
960 1274 1053 1364 ζωήν
1073 1282 1129 1346 καί
1149 1283 1201 1366 τῷ
1217 1283 1289 1367 θεῷ
1305 1276 1359 1350 διὰ
1375 1283 1436 1368 τῆς
1450 1281 1581 1350 ἐκείνου

270 1379 390 1463 φωνῆς
419 1372 702 1462 πεπιστεύκαμεν·
737 1370 835 1446 καλό
858 1382 911 1466 τῷ
938 1371 1031 1464 λόγῳ
1059 1373 1240 1458 πιστεύσας
1267 1377 1358 1448 οἶδεν
1380 1375 1422 1448 τὸ
1443 1383 1580 1466 πρᾶγμα

271 1469 410 1563 ἀληθές·
440 1470 584 1564 ἀλήθεια
606 1473 668 1564 γὰρ
691 1469 711 1546 ό
734 1472 846 1563 λόγος·
873 1469 892 1546 ό
916 1479 952 1546 δέ
973 1469 1162 1564 ἀπιστήσας
1185 1479 1235 1564 τῷ
1259 1481 1394 1564 λέγοντι
1416 1471 1579 1568 ήπλστησε

219 1595 252 1648 10
270 1579 321 1663 τῷ
344 1581 427 1663 θεῷ.
464 1583 593 1646 »πίστει
615 1581 759 1664 νοοῦμεν
780 1582 1007 1664 κατηρτίσθαι
1030 1573 1111 1656 τούς
1132 1581 1259 1658 αἰῶνας
1281 1574 1404 1666 ῥήματι
1427 1581 1512 1648 θεοῦ
1533 1582 1615 1660 ⁸16²

270 1671 310 1744 τό
331 1671 377 1764 μή
399 1676 436 1744 ἐκ
459 1679 676 1764 φαινομένων
698 1673 739 1746 τὸ
761 1669 973 1762 βλεπόμενον
987 1679 1188 1762 γεγονέναι,«
1215 1681 1318 1763 φησίν
1337 1669 1356 1746 ό
1373 1671 1578 1758 ἀπόστολος·

272 1779 401 1846 »πίστει
421 1780 565 1844 πλείονα
587 1781 711 1846 θυσίαν
728 1769 824 1857 ’Ἅβελ
847 1771 938 1862 παρὰ
962 1769 1050 1844 Κάιν
1071 1769 1288 1862 προσήνεγκε,
1311 1771 1357 1848 δι’
1379 1767 1417 1864 ής
1439 1779 1578 1864 ἐμαρτυ·

269 1869 360 1962 ρήθη
387 1873 473 1942 είναι
500 1877 641 1956 δίκαιος,
671 1878 929 1964 μαρτυροῦντος
955 1877 1012 1944 ἐπὶ
1034 1891 1108 1956 τοῖς
1129 1871 1252 1962 δῶροις
1274 1869 1369 1964 αύτῷ
1393 1880 1457 1946 τοῦ
1477 1880 1576 1946 θεοῦ·

269 1979 324 2042 καὶ
346 1967 392 2042 δι’
415 1967 519 2060 αύτής
540 1967 732 2044 ἀποθανῶν
753 1973 803 2044 ἐτι
828 1981 936 2044 λαλελι
961 1979 1018 2044 καὶ
1040 1970 1083 2044 τά
1106 1973 1180 2061 ἑξῆς
1202 1972 1265 2056 ἕως
1283 1977 1289 2062 Ι
1310 1967 1350 2062 »ή
1368 1969 1577 2062 πρόσκαιρον
1593 1983 1683 2040 435Ρ

218 2089 251 2144 15
269 2074 356 2159 ἔχειν
386 2065 549 2160 ἀμαρτίας
586 2068 799 2144 ἀπόλαυσιν.ι
854 2071 998 2155 τούτους
1032 2079 1093 2162 μὲν
1128 2064 1190 2144 οῦν
1226 2077 1282 2144 καί
1316 2071 1384 2161 πρὸ
1419 2069 1526 2163 νόμου
1556 2067 1576 2162 ἡ

268 2177 380 2254 πίστις
402 2169 607 2242 δικαιῶσασα
633 2169 866 2261 κληρονόμους
888 2179 1072 2262 κατέστησε
1094 2177 1155 2262 τῆς
1176 2180 1273 2256 θείας
1294 2175 1501 2262 ἐπαγγελίας.
1544 2181 1577 2244 τί
1597 2177 1671 2246 1³‚l

269 2261 332 2342 οῦν
360 2271 411 2341 ἔτι
442 2270 484 2342 τὰ
515 2277 576 2360 τής
606 2277 752 2354 πίστεως
783 2275 819 2342 ἐκ
848 2277 909 2360 τῆς
938 2269 1021 2360 παρ’
1044 2267 1123 2360 ήμίν
1152 2273 1304 2362 ἱστορίας
1330 2268 1577 2362 ἀναλεγόμενος

267 2377 496 2460 παρατίθεμαι
518 2369 698 2460 μαρτύρια;
722 2375 904 2456 »ἐπιλείψει
927 2367 989 2460 γάρ
1010 2399 1048 2460 με
1071 2369 1293 2460 διηγούμενον
1315 2366 1334 2442 ό
1355 2370 1478 2461 χρόνος
1499 2379 1577 2458 περὶ

269 2467 417 2550 Γεδεών,
450 2466 581 2558 Βαράκ,
612 2472 782 2559 Σαμψών,
812 2467 943 2558 Ἰεφθάε
974 2474 1076 2555 Δαβίδ
1103 2498 1139 2542 τε
1161 2477 1217 2542 καλ
1240 2470 1402 2561 Σαμουὴλ
1424 2479 1479 2542 καὶ
1502 2479 1576 2543 τῶν

216 2585 250 2640 20
267 2575 477 2658 προφητῶνι
502 2577 556 2641 καί
584 2569 628 2641 τὰ
655 2567 792 2654 τούτοις
816 2565 970 2659 ἑπόμενα
1013 2565 1187 2658 τεσσάρων
1208 2573 1244 2640 δὲ
1266 2564 1381 2642 όντων
1402 2574 1439 2642 ἐν
1460 2569 1511 2652 οίς
1534 2568 1612 2642 252

266 2662 401 2756 ἀληθές,
424 2665 622 2757 αἰσθήσεως,
646 2675 717 2750 νοῦ,
740 2666 934 2758 ἐπιστήμης,
957 2663 1173 2758 ῦπολήιρεως,
1197 2667 1294 2756 φύσει
1316 2674 1378 2757 μέν
1399 2663 1574 2756 πρῶτοςό

267 2772 360 2850 νοῦς,
392 2763 471 2856 ήμλν
498 2773 533 2838 δὲ
559 2775 614 2840 καὶ
641 2765 727 2858 πρός
754 2763 839 2858 ήμῦς
861 2763 882 2857 ή
904 2772 1071 2858 αἴσθησις,
1103 2769 1140 2838 ἐκ
1162 2773 1198 2838 δέ
1221 2765 1411 2858 αἰσθήσεως
1433 2775 1489 2838 καί
1512 2773 1575 2839 τοῦ

266 2871 328 2937 νοῦ
351 2862 370 2956 ή
394 2872 454 2956 τῆς
476 2865 659 2958 ἐπιστήμης
681 2875 876 2938 συνίσταται
898 2863 1008 2950 οῦσία,
1038 2865 1157 2938 κοινόν
1179 2871 1214 2936 δέ
1236 2872 1298 2938 νοῦ
1319 2895 1356 2937 τε
1379 2873 1434 2938 καὶ
1457 2865 1574 2958 αἰσθή-

266 2991 351 3048 σεως
383 2963 423 3036 τὸ
454 2971 598 3058 ἐναργές.
640 2963 718 3039 ἀλλ’
741 2963 762 3056 ή
783 2973 844 3054 μὲν
871 2971 1025 3056 αἴσθησις
1048 2962 1217 3051 ἐπιβάθρα
1239 2970 1300 3056 τῆς
1322 2963 1520 3056 ἐπιστήμης,
1551 2962 1610 3056 ήθ

214 3080 247 3136 25
264 3071 377 3148 πίστις
399 3071 434 3136 δὲ
457 3065 511 3138 διὰ
535 3073 609 3138 τῶν
631 3069 808 3156 αἰσθητῶν
829 3061 992 3138 όδεύσασα
1011 3061 1188 3138 ἀπολείπει
1203 3063 1266 3154 τήν
1280 3061 1465 3154 ύπόληφιν,
1486 3063 1573 3154 πρὸς

265 3169 300 3236 δέ
332 3163 374 3236 τὰ
405 3161 534 3256 ἀψευδῆ
564 3164 698 3238 σπεύδει
727 3173 782 3238 καί
813 3171 860 3249 είς
890 3165 954 3254 τήν
983 3161 1149 3255 ἀλήθειαν
1180 3170 1370 3254 καταμένει.
1412 3169 1441 3234 εἰ
1462 3169 1500 3236 δέ
1520 3173 1610 3248 τιςλ

264 3272 354 3354 λέγοι
378 3263 442 3354 τήν
464 3262 652 3354 ἐπιστήμην
678 3262 918 3356 ἀποδεικτικήν
945 3266 1029 3336 εἶναι
1054 3263 1138 3354 μετὰ
1165 3259 1282 3354 λόγου,
1313 3260 1493 3336 ἀκουσάτω
1516 3255 1572 3335 ότι

263 3373 320 3436 καὶ
342 3369 376 3436 αί
398 3361 493 3454 ἀρχαὶ
515 3361 769 3438 ἀναπόδεικτοι·
800 3357 879 3436 οὔτε
902 3363 965 3454 γὰρ
988 3369 1087 3452 τέχνη
1110 3355 1190 3434 οῦτε
1211 3362 1279 3453 μήν
1301 3360 1463 3453 φρονήσει
1485 3391 1570 3452 γνω-

264 3470 348 3536 σταί.
391 3461 411 3554 ή
434 3470 495 3553 μέν
518 3464 581 3554 γάρ
602 3471 677 3554 περί
700 3463 743 3536 τά
765 3460 965 3554 ἐνδεχόμενό
992 3467 1084 3535 ἐστιν
1106 3461 1220 3546 ἄλλως
1241 3465 1340 3551 ἔχειν,
1373 3459 1394 3551 ἢ
1418 3468 1453 3533 δέ
1475 3491 1571 3550 ποιη-

213 3579 247 3632 30
264 3563 340 3652 τική
362 3559 480 3652 μόνον,
503 3560 576 3653 ούχλ
599 3569 633 3634 δὲ
655 3570 710 3634 καὶ
732 3560 936 3653 θεωρητική.
972 3569 1083 3634 πίστει
1107 3551 1168 3634 οῦν
1189 3565 1366 3647 ἐφικέσθαι
1386 3557 1475 3648 μόνη
1496 3559 1571 3633 οίόν
1590 3563 1666 3628 14ιὶ

264 3691 301 3733 τε
324 3669 385 3752 τῆς
407 3669 481 3734 τῶν
504 3655 597 3735 ῦλων
623 3661 732 3753 ἀρχῆς.
775 3668 867 3734 πᾶσα
897 3661 960 3751 γάρ
990 3657 1156 3750 ἐπιστήμη
1184 3658 1324 3750 διδακτή
1351 3665 1434 3733 ἐστι·
1470 3660 1512 3733 τὸ
1535 3667 1570 3732 δέ

264 3761 424 3834 διδακτόν
454 3767 491 3833 ἐκ
521 3767 850 3852 προγινωσκομένου.
893 3757 935 3834 ου’
964 3759 1235 3850 προεγινῶσκετο
1262 3765 1298 3830 δὲ
1326 3755 1346 3848 ή
1373 3765 1445 3832 τῶν
1475 3753 1606 3831 όλωνὲ

264 3859 347 3952 ἀρχή
379 3855 638 3951 τολςἝλλησιν,
663 3854 746 3934 ,οὔτ’
769 3853 832 3934 οῦν
857 3866 952 3948 Θαλῇ
979 3853 1072 3948 ῦδωρ
1099 3863 1312 3948 ἐπισταμένῳ
1339 3857 1404 3948 τήν
1424 3858 1569 3950 πραότην

347 4075 366 4128 θ
385 4071 440 4142 vgl.
453 4072 515 4128 Joh.
529 4075 569 4134 14.
581 4074 598 4128 6
679 4071 791 4130 10-15
809 4071 891 4126 Hebr.
905 4073 945 4136 11,
958 4070 1002 4126 ss.
1020 4071 1054 4126 25
1135 4069 1199 4126 161
1216 4069 1270 4138 vgl.
1283 4067 1366 4124 Hebr.
1377 4069 1402 4134 6,
1416 4069 1500 4124 1217

265 4155 594 4224 18-20110br.11‚3·2
674 4157 789 4212 20-20
811 4153 957 4228 τεσσάρων
980 4149 1239 4224 δντων-γνωσταί
1260 4153 1333 4208 θεας.
1356 4151 1418 4206 Par.
1435 4153 1486 4208 216
1503 4150 1569 4207 Holl

306 4239 370 4296 θῙί
394 4239 449 4310 vgl.
476 4239 588 4296 Δι’ἰείοί.
615 4239 737 4312 Μείερί».
761 4243 784 4294 Α
810 4241 827 4296 9
853 4241 889 4312 (p.
912 4239 982 4296 99:³1>
1005 4240 1048 4308 30)
1080 4243 1158 4295 πᾶσα
1188 4235 1314 4306 μάθησις
1331 4233 1384 4306 ιδιδι
1411 4251 1567 4308 προγιγνω·

263 4323 410 4392 σπομέναν
491 4325 555 4382 m
575 4325 630 4396 ng
648 4325 728 4396 Diog.
747 4325 836 4381 Laert.
855 4325 918 4380 127

348 4513 412 4570 ut
431 4508 565 4583 ή-ἔγειν
588 4513 669 4570 Hebr.
693 4511 810 4585 ή-ἐχει
833 4513 854 4568 L
938 4513 974 4570 λθ
997 4509 1114 4576 τούτοις
1136 4511 1170 4581 sy
1195 4509 1307 4577 τούτοις
1329 4510 1351 4564 1.
1430 4509 1469 4566 25
1492 4505 1568 4566 doct·-

262 4597 423 4736 ovoaLSacr.
437 4599 497 4654 Par.
578 4599 619 4654 ⁸0
636 4599 735 4668 μόνον,
748 4595 810 4668 οῦχλ
824 4599 910 4654 Ρελεα
921 4597 1110 4666 μσνονουγλίι
1191 4595 1252 4652 θθῐ
1268 4588 1331 4650 οίόυ
1342 4612 1372 4650 τε
1385 4593 1474 4648 Hiller
1493 4588 1568 4650 οἴον-

262 4702 308 4738 ται
