3784 5532
661 1435 1153 1532 ΚΛΗΜΕΝΤΟΣ

523 1643 943 1727 ΣΤΡῼΜΑὝΕΩΝ
973 1643 1279 1726 ΔΕΥΤΕΡΟΣ

330 1843 353 1908 Ι.
380 1831 474 1926 Ἐξής
495 1832 529 1906 δ’
552 1832 595 1905 ἀν
617 1838 666 1924 εἴη
688 1839 866 1922 διαλαβεῖν,
888 1837 959 1904 ἐπεί
985 1841 1167 1916 »κλέπταςι
1193 1840 1255 1924 τῆς
1275 1833 1446 1924 βαρβάρου
1460 1845 1555 1923 φιλο·
1575 1847 1631 1912 1.1

246 1944 369 2026 σοφίας
383 1929 550 2026 Ἕλληνας
578 1936 662 2006 είναι
690 1952 874 2024 προσεῖπεν
901 1927 921 2022 ή
949 1931 1077 2023 γραφή,
1109 1927 1205 2016 ὅπως
1231 1940 1335 2006 τοῦτο
1359 1931 1404 2008 δι’
1427 1929 1555 2025 όλίγων

212 2033 469 2126 θδειχθήσεται.
513 2031 553 2106 οδ
583 2033 646 2123 γάρ
676 2031 784 2123 μόνον
815 2032 858 2104 τὰ
888 2029 1065 2120 παράδοξα
1095 2039 1170 2103 τῶν
1194 2029 1278 2119 παρ’
1302 2030 1380 2122 ήμῖν
1401 2038 1554 2124 λστορου·

245 2143 360 2226 μένων
390 2132 682 2225 ἀπομιμουμένους
712 2129 927 2222 ἀναίγράφειν
953 2129 1079 2216 αδτοδς
1105 2129 1379 2222 παραστήσομεν,
1409 2133 1495 2224 πρὸς
1518 2143 1554 2208 δὲ
1571 2152 1656 2209 4291>

248 2233 292 2306 τὰ
312 2235 509 2323 κυριώτατα
531 2240 605 2305 τῶν
628 2230 808 2322 δογμάτων
830 2237 1124 2321 σκευωρουμένους
1144 2239 1200 2302 καί
1220 2231 1554 2322 παραχαράσσοντας,

246 2339 525 2424 προγενεστέρων
547 2330 661 2404 οὐσῶν
683 2339 757 2404 τῶν
777 2329 861 2419 παρ’
884 2327 962 2422 ἡμῖν
983 2339 1135 2420 γραφῶν,
1159 2329 1207 2414 σός
1228 2327 1461 2422 ἀπεδείξαμεν,
1492 2341 1554 2406 διε-

248 2440 408 2523 λέγξομεν
439 2435 475 2505 έν
506 2461 543 2504 τε
575 2451 648 2514 τοῖς
679 2439 757 2558 περὶ
783 2441 931 2514 πίστεως
958 2439 1035 2520 περί
1057 2459 1095 2502 τε
1116 2440 1237 2519 σοφίας
1259 2433 1417 2523 γνώσεώς
1439 2463 1476 2505 τε
1499 2443 1554 2506 καὶ

195 2549 230 2602 10
248 2530 434 2621 ἐπιστήμης
461 2537 598 2614 ἐλπίδος
625 2560 663 2603 τε
689 2539 746 2602 καὶ
773 2529 904 2620 ἀγάπης
925 2538 1003 2650 περί
1025 2558 1063 2600 τε
1083 2541 1263 2616 μετανοίας
1284 2539 1339 2605 καί
1361 2535 1555 2620 ἐγκρατείας

247 2639 302 2702 καί
324 2631 442 2722 δήκαὶ
466 2629 576 2718 φόβου
598 2637 682 2702 θεοῦ
702 2626 880 2720 (σμήνος’
860 2637 1011 2718 ατεχνῶς
1034 2637 1107 2700 τῶν
1129 2627 1328 2720 ἀληθείας’
1307 2639 1451 2718 αρετῶν,
1467 2626 1588 2722 <ιδν>υ

249 2725 309 2802 ὅσα
336 2759 372 2822 γε
393 2727 572 2821 ἀπαιτήσει
594 2727 614 2820 ἦ
637 2730 725 2802 κατὰ
747 2729 811 2801 τὸν
832 2725 944 2800 τόπον
966 2728 1030 2799 τὸν
1051 2737 1274 2817 προκείμενον
1295 2726 1552 2853 υποσημείωοις,

247 2828 549 2920 περιληφθήσεται)
572 2825 678 2901 καὶ“
651 2859 699 2912 ως
721 2827 763 2900 τὰ
786 2824 931 2914 μάλιστα
951 2827 992 2898 τό
1012 2832 1351 2918 ἐπικεκρυμμένον
1310 2857 1370 2918 της
1384 2829 1554 2920 βαρβάρου

249 2937 466 3018 φιλοσοφίας,
498 2929 539 3001 τό
562 2928 765 3018 συμβολικόν
787 2934 893 3001 τοῦτο
915 2935 970 2998 καί
993 2933 1236 3017 αίνιγματωδες
1257 2931 1358 3012 είδος,
1381 2927 1554 3019 ἐζήλωσαν

196 3045 230 3098 15
248 3034 281 3102 σί
309 3035 552 3120 πραγματικῶς
583 3029 626 3100 τὰ
660 3035 734 3099 τῶν
765 3023 912 3116 ἀρχαίων
944 3025 1251 3116 φιλοσοφήσαντες,
1281 3029 1550 3118 χρησιμώτατον,

247 3137 380 3218 μᾶλλον
410 3135 446 3200 δὲ
477 3125 751 3218 ἀναγκαιότατον
781 3135 824 3216 τῇ
855 3127 975 3216 γνώσει
1004 3133 1066 3217 τής
1096 3125 1258 3217 ἀληθείας
1287 3125 1449 3216 ὑπάρχον
1496 3133 1625 3209 ἐπλυ,1

249 3228 386 3312 τούτοις
416 3223 615 3301 ἀκόλουθον
649 3225 795 3316 σίμαι
774 3234 858 3317 υπὲρ
890 3219 940 3297 σόν
970 3224 1290 3316 κατατρέχουσιν“
1271 3257 1367 3318 ημων
1390 3223 1551 3320 Ἕλληνες

247 3325 528 3418 ἀπολογήσασθαι
559 3323 687 3416 ὀλίγαις
713 3333 966 3418 συγχρωμένους
992 3345 1149 3416 γραφαῖς,
1182 3331 1212 3398 εἴ
1231 3357 1307 3410 πως
1328 3325 1433 3418 ἡρέμα
1454 3325 1549 3399 καλ
1530 3360 1550 3401 ο

246 3424 404 3510 Ἰουδαῖος
431 3431 562 3499 έπαίων
588 3431 786 3516 ἐπιστρέψαι
813 3432 975 3516 δυνηθείη
1002 3431 1037 3513 ἐξ
1064 3455 1116 3498 ων
1142 3431 1337 3498 ἐπίστευσεν
1359 3423 1444 3510 είς“
1427 3457 1468 3500 ον
1490 3425 1551 3499 οάκ

194 3531 449 3600 υθέπίστευσεν.
493 3533 678 3613 διαδέξεται
708 3533 743 3598 δε
774 3524 914 3608 εἰκότως
945 3525 1026 3608 τοὺς
1056 3534 1230 3614 γενναίους
1252 3533 1326 3598 τῶν
1348 3527 1588 3615 φιλοσόφωνυ

248 3622 424 3714 έλεγχος’
403 3626 612 3716 αγαπητικός
634 3633 698 3698 τοῦ
719 3635 793 3711 βίου
815 3655 850 3696 τε
873 3623 989 3696 αότων
1011 3633 1066 3696 καὶ
1086 3632 1146 3714 τῆς
1161 3621 1321 3712 εὑρέσεως
1336 3635 1410 3698 τῶν
1423 3635 1552 3698 κοινῶν

248 3723 443 3814 δογμάτων,
466 3723 528 3798 οδκ
547 3734 552 3812 Ι
570 3723 794 3816 ἀμυνομένων
815 3721 914 3814 ἡμῶν
936 3724 1017 3806 τοὺς
1038 3723 1251 3812 κατηγόρους
1273 3733 1418 3811 (πολλοῦ
1440 3755 1475 3816 γε
1497 3735 1553 3798 καί
1571 3739 1649 3796 1558

248 3831 305 3904 δεῖ,
329 3824 409 3906 τούς
431 3821 583 3914 εὐλογεῖν
604 3823 843 3914 μεμαθηκότας
865 3824 946 3906 τούς
963 3831 1233 3913 καταρωμένους,
1255 3821 1320 3894 κᾶν
1334 3823 1553 3916 βλασφήμους

247 3931 355 4006 κενῶς
377 3931 617 4010 καταφέρωσιν
639 3921 736 4014 ήμῶν
759 3920 903 4013 λόγους),
926 3919 1001 3996 ἀλλ’
1023 3931 1070 4006 είς
1092 3925 1305 4014 ἐπιστροφήν
1328 3925 1392 4014 τήν
1414 3931 1553 3996 ἐκείνων

193 4041 229 4096 υθ
248 4019 379 4108 αὐτῶν,
415 4027 445 4094 εί
473 4053 548 4106 πως
583 4029 838 4112 ἐπαισχυνθεῖεν
873 4027 906 4094 σί
936 4021 1109 4110 πάνσοφοι
1139 4020 1184 4094 δι’
1215 4028 1354 4112 ἐλέγχου
1384 4023 1554 4112 βαρβάρου

248 4128 559 4212 σωφρονισθέντες,
591 4119 638 4204 τός
660 4129 776 4194 διιδεῖν
798 4117 862 4210 ὀφέ
884 4129 968 4210 γοῦν
990 4129 1192 4212 δυνηθῆναι,
1224 4119 1327 4194 ὁποῖα
1349 4121 1414 4211 ἄρα
1437 4128 1486 4212 εἴη
1509 4123 1552 4194 τὰ

248 4221 446 4312 μαθήματα,
476 4219 533 4310 ἐφ’
557 4220 578 4292 ἀ
600 4229 801 4294 στέλλονται
833 4221 894 4304 τὰς
925 4218 1113 4312 ἀποδημίας
1145 4221 1204 4304 τὰς
1231 4229 1457 4305 διαποντίους.
1501 4215 1589 4294 &vs

333 4391 598 4462 avgl.Joh.10‚8
679 4389 1018 4462 evgl.8trom.1101ff
1098 4393 1132 4446 ll
1154 4397 1260 4460 σμῆνος
1278 4389 1388 4463 ἀρετῶν
1406 4409 1454 4446 σοι
1472 4393 1552 4450 Plato

247 4475 348 4532 Menon
365 4495 391 4548 p.
410 4479 479 4532 m
559 4477 599 4532 28
623 4477 679 4547 vgl.
698 4477 765 4530 Luk.
784 4479 808 4542 θ,
826 4479 859 4532 28
877 4475 987 4542 (matth.
1005 4479 1029 4540 δ,
1047 4479 1090 4539 44]

333 4627 351 4684 4
376 4619 470 4698 [εἶναι]
487 4629 519 4683 st
599 4635 735 4698 προεῖπεν
752 4625 877 4682 Ατοετὶαι
956 4627 992 4682 ll
1018 4617 1086 4692 ρῶν*
1106 4625 1152 4680 wi
1235 4627 1271 4680 12
1295 4645 1327 4696 γε
1346 4627 1394 4682 Ma
1414 4645 1446 4684 τε
1465 4629 1485 4682 L

249 4711 285 4766 21
306 4707 512 4782 ἀνατρεπτικός
530 4711 609 4766 Sohw

303 4797 414 4842 ΟΙοττευε
427 4797 458 4842 n.
1345 4793 1363 4848 8
