3704 5530
520 517 659 574 stromat:
672 517 718 572 Vl.
736 521 799 592 Cup.
813 519 859 574 xl.
877 521 918 586 θῦ,
930 519 1047 591 ίί-Οιιρ.
1060 517 1120 574 ΧΙΙ.
1131 521 1173 588 θθ,
1185 519 1209 574 (ί.
1461 523 1518 590 481

215 677 290 754 οὐδ’
312 677 332 754 6
353 686 510 772 ἐποίησέν
532 712 584 766 τις
605 691 732 768 κακῶς,
763 677 851 756 άλλά
877 681 919 754 τὸ
940 681 985 772 μὴ
1006 688 1171 772 ποιητέον
1192 689 1393 770 συνίστησιν.
1436 675 1555 754 ὅθενί

215 789 271 854 καί
293 777 313 872 6
335 779 499 874 μετάνοια
521 779 626 872 δισσὴ·
662 779 684 872 6
705 789 767 874 μὲν
791 782 891 874 κοινὴ
917 785 972 854 ἐπὶ
998 787 1050 874 τῷ
1072 787 1399 874 πεπλημμεληκέναι,
1430 777 1452 870 6
1474 785 1520 859 δέ,

216 882 282 972 τὴν
308 879 410 971 φύσιν
435 887 497 972 τῆς
523 877 687 972 ἁμαρτίας
711 887 969 972 καταμαθοῦσα,
1000 877 1210 970 άφίστασθαι
1231 887 1295 954 τοῦ
1315 875 1522 970 ἁμαρτάνειν

215 979 321 1056 αύτοῦ
354 981 443 1054 κατὰ
476 980 734 1072 προηγούμενον
764 979 870 1072 λόγον
898 990 1029 1068 πείθει,
1066 973 1095 1073 6
1127 981 1243 1054 ἕπεται
1274 977 1316 1052 τά
1346 979 1390 1070 μὴ
1421 975 1522 1070 ἁμαρ-

181 1079 339 1154 οτάνειν.

300 1179 356 1272 Μὴ
379 1187 498 1254 τοίνυν
519 1179 695 1271 λεγόντων
716 1180 765 1266 ώς
786 1177 805 1254 6
821 1177 952 1254 άδικών
965 1185 1020 1254 καί
1035 1175 1244 1270 ἁμαρτάνων
1257 1175 1338 1250 κατ’
1353 1183 1523 1270 ἐνέργειαν
1541 1193 1615 1256 98,ι

217 1275 390 1371 δαιμόνων
411 1289 610 1371 πλημμελεί,
641 1285 712 1354 έπεί
733 1279 799 1353 κάν
821 1277 940 1372 άθῷος
961 1286 1106 1370 γένοιτο,
1128 1277 1173 1352 τά
1194 1283 1230 1350 δὲ
1251 1275 1338 1350 αύτά
1360 1298 1433 1362 τοις
1455 1285 1523 1352 δαι·

216 1387 349 1469 μονίοις
370 1379 458 1452 κατά
480 1378 521 1452 τὸ
543 1375 750 1470 ἁμαρτάνειν
771 1377 982 1470 αίρούμευος,
1013 1375 1219 1468 ἀνέδραστος
1239 1385 1296 1450 καλ
1317 1385 1446 1466 κοῦφος
1467 1385 1522 1451 καί

218 1475 440 1568 εὐμετάβολος
460 1485 498 1552 έν
520 1484 724 1570 ἐπιθυμίαις,
748 1479 796 1564 ώς
814 1485 955 1568 δαίμων,
971 1487 1100 1570 γίνεται
1115 1479 1303 1568 ἄνθρωπος
1317 1477 1522 1568 δσιμονικάς.

164 1594 200 1650 10
216 1575 336 1652 αύτίκα
359 1573 378 1651 6
399 1585 462 1670 μὲν
482 1578 586 1664 κακὸς
607 1577 713 1667 φύσει,
735 1575 964 1670 ἁμαρτητικός
977 1577 1033 1652 διά
1046 1586 1168 1652 κακίαν
1181 1573 1370 1668 γενόμενος,
1391 1585 1523 1667 φαῦλος
1540 1593 1558 1648 2

216 1684 437 1770 καθεστηκεν,
462 1675 592 1770 ἔχων“
572 1707 615 1770 ην
636 1679 727 1751 ἑκών
747 1675 912 1751 είλετο·
891 1677 1121 1770 αμαρτητικὸς
1142 1671 1222 1753 δέ
1199 1707 1252 1750 ων
1273 1686 1328 1750 καὶ
1350 1677 1438 1750 κατά
1461 1677 1523 1762 τάς

215 1775 352 1866 πράξεις
372 1775 604 1870 διαμαρτάνει·
635 1781 780 1870 ἔμπαλιν
801 1773 878 1850 δὲ’
859 1809 879 1852 ο
901 1783 1084 1864 σπουδαιος
1105 1789 1282 1870 κατορθοῖ.
1324 1777 1378 1852 διὸ
1400 1773 1442 1850 σύ
1462 1775 1522 1874 μό·
1542 1795 1561 1850 1

218 1905 280 1950 νον
307 1877 368 1962 τὰς
393 1873 530 1968 άρετάς,
561 1873 648 1952 άλλά
673 1885 729 1950 καὶ
756 1877 818 1962 τὰς
839 1875 975 1968 πράξεις
997 1877 1059 1962 τάς
1079 1877 1185 1962 καλάς
1206 1874 1320 1968 άγαθὰ
1341 1887 1523 1974 καλοῦμεν·

216 1983 290 2050 τών
312 1982 349 2049 δὲ
370 1973 514 2066 ἀγαθῶν
535 1977 688 2068 ἴσμεν
651 2007 694 2050 τα
710 1983 777 2098 μὲν
798 1976 886 2050 αύεά
907 1975 954 2050 δι’
976 1973 1064 2052 αύτά
1085 1975 1216 2068 αίρετά,
1239 1974 1288 2062 ώς
1309 1977 1374 2070 τὴν
1396 1989 1524 2070 γνῶσιν

164 2091 199 2146 15
217 2073 271 2164 (ού
300 2075 363 2168 γάρ
394 2075 480 2152 άλλο
511 2107 545 2150 τι
574 2082 610 2164 ἐξ
640 2073 745 2168 αὐτῆς
776 2085 947 2168 θηρώμεν,
977 2077 1115 2152 ἐπειδάν
1145 2085 1254 2168 παρῇ,
1289 2073 1312 2168 6
1340 2075 1452 2170 μόνον
1481 2081 1522 2154 τὸ

215 2193 371 2266 παρείναι
397 2171 507 2266 αύτὴν
532 2184 588 2248 καί
612 2179 650 2250 ίν
673 2173 882 2268 άδιαλείπτηο
904 2173 1077 2269 θεωρίᾳ“
1057 2183 1142 2268 ημᾶς
1164 2179 1248 2250 εἶναι
1269 2185 1325 2250 καί
1347 2184 1394 2262 είς
1415 2177 1524 2272 αύτήν

215 2281 270 2346 καί
297 2271 343 2346 δι’
365 2270 473 2364 αύτὴν
503 2271 755 2365 άγωνίζεσθαι),
786 2275 830 2348 τά
856 2249 892 2348 δὲ
919 2272 965 2348 δι’
988 2277 1099 2366 ἕτερα,
1129 2272 1211 2366 <ώς>
1238 2275 1304 2366 τὴν
1328 2285 1447 2352 πίστιν
1468 2281 1522 2354 διά

216 2374 281 2494 την
307 2379 342 2462 ἐξ
371 2371 476 2464 αύτῆς
505 2383 768 2466 περιγενομένην
800 2403 911 2468 φυγην
935 2405 972 2448 τε
995 2381 1057 2464 τῆς
1078 2372 1251 2460 κολάσεως
1272 2383 1328 2448 καί
1351 2375 1523 2467 ώφέλειαυ

217 2474 281 2564 την
303 2477 340 2544 ἐκ
362 2479 422 2564 τῆς
444 2469 713 2560 άυταποδόσεως.
750 2471 857 2565 φόβος
878 2503 940 2566 μεν
961 2473 1024 2564 γάρ
1046 2479 1153 2558 αίτως
1175 2481 1238 2547 τοῦ
1255 2475 1301 2566 μὴ
1315 2471 1525 2567 ἁμαρτάνειν

164 2587 200 2642 20
217 2592 289 2657 τοις
314 2583 470 2658 πολλοῖς,
501 2577 682 2664 ἐπαγγελία
706 2570 791 2646 δὲ’
769 2573 906 2666 αφορμὴ
933 2601 997 2646 του
980 2571 1196 2646 ’διώκειν’
1174 2573 1341 2696 υπακοὴυ,
1372 2570 1461 2648 δι’ἶ
1442 2607 1481 2668 ης
1503 2578 1524 2668 6

216 2681 375 2763 σωτηρία.
411 2669 674 2748 τελειότατον”
653 2701 718 2764 αρα
740 2669 876 2766 άγαθὸν
896 2669 917 2765 6
940 2679 1074 2764 γνῶσις,
1096 2669 1142 2746 δι’
1160 2671 1269 2765 αύτην
1290 2666 1374 2746 σύσα
1394 2675 1522 2768 αίρετὴ,
1541 2695 1619 2760 θυι

215 2801 280 2844 κατ
285 2767 644 2864 ’ἐπακολούθημαδὲ
669 2781 725 2846 καλ
752 2773 795 2846 τά
821 2772 876 2846 διά
900 2771 1026 2862 ταύτης
1047 2768 1308 2846 άκολουθούντα
1328 2773 1425 2850 καλά
1466 2785 1559 2852 καίθ

218 2869 237 2962 6
264 2867 402 2956 κόλασις
427 2880 480 2962 τῷ
504 2879 567 2964 μὲν
592 2879 812 2964 κολαζομένῳ
840 2871 1058 2962 διορθώσεως
1084 2876 1191 2954 αίτία,
1222 2891 1296 2956 τοῖς
1317 2880 1353 2948 δὲ
1374 2880 1519 2966 διορᾶν1

215 2969 403 3060 πόρρωθεν
431 2976 631 3064 δυναμένοις
659 2971 869 3064 παράδειγμα
899 2979 1042 3062 γίνεται,
1073 2967 1119 3044 δι’
1141 2963 1183 3045 ού
1210 2971 1251 3046 τὸ
1282 2983 1522 3066 συνεμπίπτειν
1539 2997 1619 3053 2828

165 3085 199 3140 25
217 3088 289 3154 τοις
310 3065 483 3162 ἁμοίοις’
461 3069 723 3148 ανακάπτουσιν.
766 3075 941 3164 δεξώμεθα
962 3063 1025 3144 οὖν
1046 3069 1111 3162 τὴν
1131 3079 1261 3162 γνῶσιν
1282 3069 1324 3146 ού
1345 3081 1419 3146 τῶν
1439 3073 1523 3149 άπο·
1541 3099 1561 3156 ε

215 3168 409 3256 μεινάντων
435 3175 618 3263 ἐφιέμενοι,
649 3169 728 3246 ἁλλ’
751 3169 859 3246 αύτοῦ
882 3175 978 3246 ἕνεκα
1001 3177 1063 3244 τοῦ
1084 3172 1267 3262 γινώσκειν
1286 3169 1522 3266 άσπαζύμενοι.

215 3269 338 3360 πρώτη
360 3269 423 3360 γάρ
444 3267 635 3359 ώφέλεια“
615 3301 635 3364 6
659 3269 765 3362 856‘
745 3303 766 3364 6
788 3267 967 3362 γνωστική,
990 3265 1116 3360 ἡδονάς
1137 3268 1292 3358 άβλαβεις
1309 3281 1521 3366 παρεχομένη

216 3377 271 3442 καί
298 3365 499 3460 άγαλλίασιν
523 3379 579 3444 καὶ
605 3379 667 3444 νῦν
692 3379 747 3444 καί
774 3365 863 3456 είς”
841 3395 995 3494 voteoov..
1037 3369 1102 3460 τὴν
1124 3375 1160 3442 δὲ
1181 3366 1379 3460 ἁχαλλίασιν
1400 3370 1522 3464 εύφρο-
1541 3401 1560 3456 ς

217 3467 323 3558 σύνην
343 3469 428 3542 είναί
450 3495 562 3558 φασιν,
585 3471 804 3564 ἐπιλογισμὸν
826 3464 931 3544 οὖσαν
953 3475 1014 3560 τῆς
1035 3468 1122 3540 κατὰ
1142 3467 1207 3559 τὴν
1221 3463 1423 3560 άληθειαν’
1401 3481 1523 3566 αρετῆς

165 3585 200 3640 ³0
216 3567 271 3642 διά
301 3597 395 3654 τινος
424 3570 607 3656 ἑστιάσεως
637 3579 693 3644 καί
723 3571 904 3661 διαχύσεως
933 3573 1087 3660 ψυχικῆς.
1131 3567 1231 3642 τάδε
1252 3577 1439 3660 μετέχοντα
1461 3581 1561 3694 6695

216 3669 375 3759 γνώσεως
396 3671 476 3760 ἔργα
498 3675 531 3744 αί
554 3665 679 3760 άγαθαλ
701 3677 757 3743 καὶ
778 3677 880 3744 καλαὶ
899 3665 1036 3758 πράξεις
1057 3671 1149 3740 είσίν.
1182 3674 1396 3754 πλοῦτσςὲ
1355 3699 1378 3758 μ
1398 3701 1418 3742 ν
1435 3673 1496 3762 Ι
1460 3703 1523 3764 γαρ
1542 3691 1625 3749 79οΡ

215 3765 349 3858 άληθης
371 3799 390 3838 ο
380 3763 451 3843 ’έν
473 3789 546 3854 ταῖς
567 3771 655 3842 κατά
677 3769 742 3860 τὴν
763 3765 889 3864 άρετὴν
908 3765 1049 3858 πράξεσι
1069 3765 1294 3856 πλεονασμός,
1321 3779 1422 3844 πενία
1443 3769 1521 3844 δὲ’
1501 3803 1521 3864 6

215 3867 303 3940 κατά
328 3867 390 3952 τὰς
416 3869 578 3958 κοσμικὰς
603 3873 782 3960 ἐπιθυμίας
813 3865 946 3958 ἁπορία.
988 3871 1022 3940 αί
1048 3865 1183 3956 κτήσεις
1212 3867 1275 3991 γάρ
1305 3878 1361 3942 καί
1389 3869 1560 3964 χρήσειςσ

217 3974 290 4040 τῶν
316 3963 513 4058 ἁναγκαίων
540 3965 581 4042 ού
606 3969 671 4060 τὴν
696 3968 868 4060 ποιότητα
894 3971 1004 4058 ἔχουσι
1024 3963 1201 4056 βλαβεράν,
1233 3964 1321 4040 άλλά
1343 3969 1408 4060 τὴν
1429 3971 1524 4060 παρά

302 4171 417 4228 λθ-λί
445 4171 579 4244 chrynipp
600 4173 644 4230 1³1.
666 4191 733 4229 ωοε.
757 4175 807 4228 110
829 4172 923 4228 Arnim
1010 4171 1130 4226 81-88
1158 4169 1214 4240 νηί.
1237 4169 1303 4238 QDS
1324 4173 1355 4227 19
1444 4175 1523 4232 ⁸⁸-

215 4255 328 4412 ffissg,
341 4255 374 4396 317
392 4251 610 4396 &gnoma
633 4259 706 4312 sm.
724 4255 785 4314 Ρετ.
804 4259 854 4330 253
873 4255 954 4322 Hom
980 4253 1117 4310 Μακίστου
1139 4255 1204 4327 Cup.
1224 4259 1274 4318 Ιθς
1308 4257 1444 4314 Antonius
1466 4259 1522 4316 Με-

302 4515 339 4572 λί
361 4511 534 4586 (Moy-0
615 4519 651 4574 21
675 4513 898 4576 ιελιιάιτατονλ.
987 4513 1113 4586 αδεὴνί.
1202 4513 1242 4570 81
1257 4515 1397 4582 κοσμικὰς
1418 4517 1455 4588 Sy
1477 4537 1525 4574 κο·

216 4601 300 4668 σμίας
318 4601 339 4654 L
408 4601 475 4658 m
490 4601 506 4670 6
523 4607 583 4658 τῶν
600 4599 767 4674 ἀναγκαίων
783 4608 879 4672 κτησις
895 4601 945 4658 καί
960 4593 1167 4674 χρῆσις-ἔχει
1185 4591 1278 4666 (ἴσχει)
1295 4597 1439 4656 8⁸6an
1457 4602 1524 4670 (BL)

216 4683 378 4818 ²⁴66.
394 4771 424 4818 ..
