3704 5530
496 567 635 622 stromata
654 567 698 621 Vl.
723 567 787 640 Cap.
799 569 858 624 XV.
876 571 935 632 131.
946 569 1062 640 2-Οαρ.
1075 569 1147 624 xvl.
1167 571 1223 634 134,
1236 571 1259 623 1.
1461 579 1522 642 499

212 737 266 800 καί
299 727 506 820 ἐμακάρισεν,
539 724 594 804 ότι
623 727 719 821 αῦτῷ
749 731 832 820 σάρξ
861 737 916 804 καί
947 732 1026 822 αἷμα
1053 728 1115 804 οῦκ
1137 728 1333 818 ἀπεκάλυφε
1357 731 1422 824 τήν
1444 727 1523 822 ἀλή-

214 841 321 908 θειαν,
344 826 418 902 ἀλλ’
440 825 461 919 ἢ
484 825 504 902 ό
525 829 639 920 πατήρ
662 827 768 902 αῦτσῦ
789 826 808 904 ό
830 837 867 904 ἐν
889 851 962 916 τοῖς
984 828 1149 920 οῦρανοῖς,
1173 837 1289 922 δηλῶν
1305 831 1368 904 τὸν
1382 859 1522 922 γνωστι·

212 929 276 1002 κόν
307 925 348 1004 σά
378 929 433 1002 διά
463 936 525 1020 τῆς
555 929 679 1018 σαρκός
708 927 815 1002 αὐτοῦ
841 937 901 1022 τῆς
927 939 1120 1021 κυηθείσης,
1152 929 1239 1004 ἀλλά
1266 928 1311 1004 δι’
1334 929 1439 1022 αῦτής
1461 939 1522 1023 τής

214 1026 390 1122 δυνάμεως
410 1035 473 1118 τῆς
493 1035 660 1120 πατρικῆς
681 1037 860 1119 γνωρίζειν
880 1031 944 1104 τόν
964 1029 1041 1104 υίόν
1062 1035 1127 1102 τοῦ
1147 1028 1438 1121 παντοκράτορος.
1481 1029 1558 1106 οῦδ

179 1125 322 1218 σμόνον
353 1135 472 1202 τοίνυν
502 1149 575 1213 τοῖς
604 1127 886 1220 ἐπιτυγχάνουσιν
922 1125 1042 1212 άπλῶς
1071 1123 1184 1214 οῦτως
1215 1130 1379 1213 δύσκολος
1408 1127 1430 1220 ή
1461 1139 1523 1222 τῆς

214 1225 379 1317 ἀληθείας
399 1235 525 1320 κτήσις,
547 1225 635 1302 ἀλλά
657 1235 710 1300 καί
734 1221 787 1301 τόν
808 1227 965 1320 τυγχάνει
985 1227 1006 1320 ή
1029 1226 1195 1320 ἐπιστήμη
1210 1235 1325 1312 οίκεία,
1347 1237 1430 1320 μηδὲ
1445 1231 1522 1302 τοῦ·

215 1357 287 1412 τοις
318 1324 453 1416 ἀθρόαν
482 1333 640 1402 δίδοσθαι
670 1327 736 1418 τήν
766 1338 920 1418 θεωρίαν
949 1325 970 1419 ή
1000 1329 1089 1400 κατά
1119 1327 1183 1400 τόν
1213 1337 1359 1402 Μωυσέα
1391 1333 1523 1419 ἱστορία

215 1425 375 1512 διδάσκει,
407 1433 519 1518 μέχρις
550 1425 593 1498 ἂν
622 1433 820 1514 ἐθισθέντες
850 1425 1040 1512 ἀντωπεῖν,
1071 1425 1229 1518 καθάπερ
1256 1433 1288 1500 οί
1309 1425 1453 1518 Ἑβραῖοι
1479 1437 1523 1518 τῇ

110 1581 116 1598 .
215 1524 297 1616 δόξῃ
319 1535 362 1616 τῇ
379 1532 556 1608 Μωυσέως
576 1534 632 1598 καί
655 1533 688 1600 οί
710 1521 799 1618 ἀγιοι
821 1535 885 1602 τοῦ
906 1525 1030 1618 Ἰσραήλ
1053 1547 1128 1612 τοῖς
1149 1535 1223 1600 τῶν
1243 1524 1396 1618 ἀγγέλων
1417 1524 1523 1601 όπτα·

165 1635 314 1710 1ι1σίαις,
346 1621 459 1710 οὕτως
484 1633 540 1698 καί
567 1623 659 1716 ήμεῖς
685 1645 758 1710 ταῖς
784 1633 846 1718 τῆς
871 1625 1033 1718 ἀληθείας
1058 1645 1287 1718 μαρμαρυγαῖς
1308 1625 1524 1712 ἀντιβλέπειν

215 1731 426 1816 δυνηθῶμεν.

298 1847 381 1912 XVI.
409 1837 606 1932 ’Υπόδειγμα
632 1841 666 1912 δ’
689 1839 767 1932 ήμῖν
792 1843 882 1916 κατά
907 1843 1129 1934 παραδρομὴν
1155 1847 1321 1916 ἐκκείσθω
1348 1849 1395 1928 είς
1416 1843 1522 1935 σαφή-
1542 1863 1638 1932 lm

216 1969 308 2014 νεισν
338 1941 532 2032 γνωστικὴν
559 1938 580 2030 ή
606 1939 797 2031 δεκάλογος.
840 1951 896 2014 καί
923 1937 977 2015 ότι
1003 1949 1064 2033 μὲν
1086 1941 1156 2034 ίερά
1180 1939 1200 2034 ή
1222 1942 1333 2028 δεκάς,
1364 1951 1523 2033 παρέλκει

216 2047 326 2130 λέγειν
347 2040 390 2114 τά
413 2047 483 2112 νῦν.
525 2044 555 2112 εί
576 2047 612 2113 δέ
634 2045 669 2114 αλ
690 2041 818 2126 πλάκες
840 2045 873 2114 αί
896 2049 1116 2132 γεγραμμέναι
1142 2047 1260 2132 »ἔργον
1282 2051 1401 2128 θεοῦι,
1429 2067 1522 2130 φυσι·

165 2163 198 2216 15
215 2140 281 2230 κήν
318 2145 540 2231 ἐμφαίνουσαι
578 2147 797 2232 δημιουργίαν
835 2137 1095 2232 εῦρεθήσονται·
1137 2139 1305 2227 δάκτυλος
1342 2143 1405 2232 γάρ
1439 2149 1524 2212 θεοῦ

217 2238 355 2330 δύναμις
387 2259 514 2312 νοεῖται
545 2246 643 2324 θεοῦ,
675 2237 720 2311 δι’
744 2233 783 2330 ής
804 2235 825 2330 ή
847 2247 954 2322 κτίσις
980 2248 1169 2314 τελειοῦται
1196 2238 1345 2328 οῦρανοῦ
1372 2249 1427 2312 καί
1454 2247 1522 2331 γῆς,

218 2331 269 2410 ῶν
299 2337 426 2428 ἀμφοῖν
456 2343 490 2410 αλ
520 2337 646 2424 πλάκες
673 2337 907 2430 νοηθήσονται
933 2339 1090 2426 σύμβολα.
1133 2347 1218 2412 θεοῦ
1243 2347 1305 2432 μὲν
1326 2339 1389 2430 γάρ
1410 2341 1560 2430 γραφήθ

216 2445 271 2508 καί
301 2443 469 2510 είδυποιίσ
499 2443 741 2529 ἐναποκειμένη
772 2445 815 2528 τῇ
845 2449 949 2512 πλακί
980 2447 1177 2530 δημιουργία
1203 2447 1267 2512 τοῦ
1293 2437 1421 2528 κόσμου
1447 2467 1523 2528 τυγ-

216 2535 317 2625 χάνει
361 2533 381 2626 ή
403 2533 588 2628 δεκάλογσς
608 2543 645 2609 δέ
666 2539 754 2610 κατά
780 2545 841 2626 μὲν
863 2535 1026 2628 σῦράνιον
1046 2537 1161 2612 είκόνα
1181 2545 1326 2629 περιέχει
1349 2535 1448 2628 ἥλιον
1469 2545 1561 2614 καίῖ

165 2657 199 2712 20
217 2633 372 2728 σελήνην,
395 2635 511 2726 ἄστρα,
535 2643 630 2726 νέφη,
654 2645 738 2724 φῶς,
760 2644 900 2726 πνεῦμα,
922 2631 1025 2726 ὕδωρ,
1048 2635 1139 2728 ἀέρα.
1162 2637 1295 2723 σκότος,
1316 2643 1393 2726 πῦρ.
1437 2631 1522 2728 αῦτη

216 2735 339 2830 φυσική
362 2733 543 2825 δεκάλογος
565 2733 720 2824 οῦρανοῦ.
755 2733 831 2826 ήδέ
853 2743 914 2828 τῆς
937 2745 997 2828 γ’ής
1018 2739 1120 2810 εἰκῶν
1141 2745 1284 2827 περιέχει
1307 2735 1522 2828 ἀνθρώπους,
1541 2759 1560 2814 4

216 2835 335 2926 κτήνη,
358 2833 492 2926 ἑρπετά,
516 2844 619 2926 θηρία
641 2843 695 2907 καί
717 2843 792 2908 τῶν
813 2837 966 2928 ἐνῦδρων
986 2835 1105 2926 ίχθῦας
1126 2845 1181 2908 καί
1203 2835 1302 2928 κήτη,
1326 2844 1402 2908 τῶν
1423 2865 1461 2908 τε
1482 2829 1524 2908 αῦ

216 2941 361 3026 πτηνῶν
390 2931 517 3025 δμοίως
547 2933 590 3008 τά
621 2965 659 3008 τε
689 2934 879 3028 σαρκοβόρα
909 2946 966 3008 καί
997 2937 1040 3008 τά
1071 2935 1183 3028 ήμέρφ
1213 2939 1370 3028 χρώμενα
1400 2943 1523 3026 τροφῇ,

217 3043 339 3124 φυτῶν
362 3063 398 3105 τε
421 3032 587 3118 ῶσαότως
614 3036 657 3108 τά
682 3033 887 3126 καρποφόρα
907 3044 963 3110 καὶ
986 3037 1130 3126 ἄκαρπα.
1174 3033 1259 3126 αῦτη
1283 3035 1406 3126 φυσική
1429 3031 1523 3106 δεκά-

166 3153 200 3210 25
218 3146 320 3224 λογος
341 3141 410 3224 γῆς.
446 3143 502 3206 καί
524 3131 544 3226 ή
566 3135 715 3220 κιβωτός
737 3141 771 3208 δὲ
794 3131 814 3226 ή
837 3143 944 3208 ταῦτα
966 3147 1203 3226 περιειληφυῖα
1225 3134 1245 3226 ή
1268 3143 1342 3208 τῶν
1363 3141 1472 3206 θείων
1487 3163 1523 3206 τε
1543 3159 1561 3214 ε

217 3241 273 3306 καί
303 3231 539 3324 ἀνθρωπίνων
570 3243 693 3324 γνῶσις
720 3237 770 3324 εἴη
796 3232 840 3308 ἀν
860 3243 914 3306 καὶ
937 3245 1049 3323 σοφία.
1092 3234 1176 3324 τάχα
1199 3233 1231 3306 δ’
1255 3231 1298 3308 άν
1319 3237 1386 3307 είεν
1408 3236 1441 3306 αἱ
1464 3231 1524 3305 δύο

219 3331 344 3417 πλάκες
375 3325 474 3404 αῦται
505 3339 631 3406 δισσῶν
660 3343 852 3422 προφητεία
882 3339 1067 3424 διαθηκῶν.
1115 3331 1396 3424 ἀνεκαινίσθησαν
1425 3325 1488 3406 οὖν
1518 3339 1640 3422 llam

218 3441 397 3521 μυστικῶς,
419 3433 672 3524 πλεοναζούσης
694 3429 833 3522 ἀγνοίας
855 3426 922 3524 άμα
943 3441 998 3505 καί
1020 3431 1192 3524 άμιιρτίας.
1236 3441 1366 3518 δισσῶς,
1390 3431 1439 3518 ῶς
1461 3437 1523 3505 έοι-
1540 3455 1627 3513 808?

218 3561 284 3613 κεν,
316 3529 509 3622 γράφονται
531 3539 656 3616 δισσοῖς
678 3533 865 3624 πνεῦμασιν
886 3539 1037 3620 ἐντολαί,
1069 3543 1120 3624 τῷ
1144 3563 1180 3606 τε
1205 3531 1394 3626 ἡγεμονικῷ
1418 3539 1467 3622 τῷ
1493 3561 1528 3604 τε

168 3651 202 3704 30
219 3627 440 3726 ἀποκειμένη),
463 3637 535 3704 ἐπεί
561 3629 599 3724 ιή
614 3633 697 3721 σάρξ
711 3637 870 3724 ἐπιθυμεῖ
882 3632 969 3706 κατά
984 3640 1047 3706 τοῦ
1061 3633 1255 3722 πνεύματος
1269 3641 1324 3704 καὶ
1339 3633 1381 3705 τό
1396 3639 1527 3722 πνεῦμα

305 3903 345 3960 M
361 3903 416 3974 vgl.
429 3903 489 3958 Job.
502 3905 526 3969 6,
539 3907 572 3958 41
642 3903 682 3960 81
697 3902 753 3972 vgl.
767 3901 853 3958 Exod.
865 3907 906 3972 34,
919 3905 953 3958 30
1031 3905 1073 3960 91
1088 3903 1143 3974 vgl.
1157 3903 1298 3958 vielleicht
1309 3903 1377 3957 Dan.
1393 3902 1432 3968 10,
1446 3903 1480 3956 75

222 3987 551 4058 14ις1.11ιο132,16
627 3989 664 4046 15
683 3986 738 4058 vgl.
757 3987 897 4056 Exod.31,
911 3991 943 4046 18
1011 3989 1050 4044 2⁶
1069 3987 1324 4058 vgl.Exod.25,15
1393 3987 1458 4042 251
1473 3985 1527 4058 vgl.

221 4071 302 4126 Pto&
322 4073 346 4127 11
363 4073 409 4136 ἵ),
428 4075 444 4126 3
468 4071 519 4126 mit
535 4075 616 4127 Anm.
706 4071 851 4142 wvgl.
870 4073 957 4130 Exod.
975 4073 1073 4140 31,18
1153 4069 1532 4142 271vgl.R101134,1ff

255 4155 380 4213 28-80
398 4157 454 4226 vgl.
472 4155 553 4210 Philo
576 4157 642 4223 Quis
664 4173 714 4211 τετ.
733 4157 787 4212 div.
806 4159 862 4211 hor.
882 4159 930 4212 161
952 4157 974 4224 (l
993 4175 1019 4228 p.
1036 4157 1139 4222 411611)
1165 4157 1193 4210 τί
1218 4147 1261 4218 δ’,·
1289 4151 1319 4210 αλ
1346 4157 1445 4224 στῆλαι
1470 4161 1528 4210 τῶν

221 4245 341 4312 γενικῶν
359 4239 427 4298 δέκα
445 4239 551 4310 νόμων,
569 4235 604 4307 λὶς
621 4237 757 4309 ὀνομάζει
774 4239 895 4306 πλάκας,
919 4239 954 4296 οῦ
971 4239 1019 4296 δύο
1038 4237 1109 4297 είσίν
1128 4237 1277 4312 ίσάριθμοι
1294 4245 1355 4305 τοῖς
1370 4245 1420 4308 τῆς
1437 4245 1528 4312 ψυχῆς

220 4321 333 4394 μέρεσι,
350 4327 457 4396 λογικῷ
477 4327 525 4380 καί
544 4321 651 4400 δλδγφ,
670 4319 689 4380 δ
707 4325 895 4392 παιδευθήναί
911 4341 943 4380 τε
958 4325 1008 4380 καλ
1025 4327 1259 4394 σωφρονισθῆναι
1276 4325 1337 4396 χρή.
1355 4323 1527 4394 τεμνόμεναι

219 4407 305 4466 πάλιν
323 4405 378 4466 ὑπὸ
395 4416 446 4464 τοῦ
465 4407 647 4478 θεσμοθέτου
663 4409 770 4477 μόνον,Ι
794 4409 849 4479 vgl.
868 4411 893 4464 S.
912 4411 971 4472 501,
992 4411 1056 4464 l—3
1136 4409 1203 4464 101
1218 4409 1279 4464 Gal.
1297 4411 1321 4470 ὁ,
1342 4409 1372 4462 11

309 4643 347 4700 18
364 4640 571 4712 ἐκαπσκειμέκη
589 4643 625 4710 sy
644 4640 847 4712 ένοιισκειμένη
866 4641 886 4696 1.
968 4643 1007 4700 26
1025 4643 1041 4712 η
1059 4649 1148 4700 ταῦτα
1161 4657 1228 4698 corr.
1242 4659 1291 4696 ουτ
1303 4648 1392 4698 ταῦτα
1409 4641 1426 4710 ή
1444 4641 1478 4696 11

222 4725 262 4783 20
279 4729 373 4784 δισσαί
391 4725 549 4782 Wandlmd
567 4745 600 4782 τυ
619 4725 699 4782 Philo
718 4727 755 4780 111
774 4745 799 4798 p.
817 4729 858 4794 39,
879 4731 890 4782 l
970 4729 1010 4784 20
1028 4723 1143 4784 ἐντολιτί
1160 4725 1194 4796 Sy
1213 4721 1381 4866 &1322ch
