3704 5530
502 547 641 604 Βίαοωαίι
660 549 704 602 vl.
728 549 792 620 Cap.
807 549 878 602 vm.
895 549 937 614 68,
948 549 1064 620 2-cap.
1079 547 1122 604 lX.
1142 549 1182 614 72,
1196 551 1218 604 1.
1450 557 1509 618 467

205 705 339 800 άγάπην
362 709 426 800 τὴν
447 709 534 800 πρός
556 707 641 802 ἡμᾶς
655 713 783 786 παθών
797 709 897 786 οῦδὲν
912 709 956 784 άν
973 709 1212 784 ὑποστείλαιτο
1228 715 1274 794 είς
1291 715 1509 783 διδασκαλίαν

205 816 266 900 τῆς
287 809 456 900 γνοόσεως.
501 819 629 900 γίνεται
655 819 775 884 τοίνυν
801 805 887 900 αῦτη
909 809 930 902 ἦ
951 819 1064 897 πίστις
1085 808 1256 898 άπόδειξις
1277 817 1405 897 βεβαία,
1437 813 1546 882 ἐπείθ

206 929 278 992 τοις
304 908 371 982 ῦπό
398 917 461 982 τοῦ
488 917 572 984 θεοῦ
597 915 842 999 παραδοθείσιν
864 909 1008 1004 άλῆθεια
1031 915 1155 984 ἕπεται
1202 916 1248 982 »εί
1270 916 1306 982 δὲ
1327 916 1383 982 καί
1404 921 1546 984 miv-4

204 1017 339 1100 κειρίαν
360 1021 467 1084 ποθει
486 1040 547 1096 τις,
570 1013 661 1082 οίδεν
682 1007 726 1082 τά
747 1007 868 1102 άργαία
888 1018 943 1082 καί
966 1011 1009 1084 τά
1029 1017 1201 1098 μέλλοντα
1224 1007 1353 1098 εἰκάζει,
1375 1013 1510 1082 ἐπίστα-

169 1133 186 1186 δ
204 1137 260 1180 ται
282 1111 435 1198 στροφάς
460 1107 576 1198 λόγων
601 1117 658 1180 καί
684 1107 793 1194 λύσεις
814 1108 1034 1200 αἰνιγμάτων,
1065 1129 1182 1200 σημεία
1203 1117 1259 1182 καί
1282 1116 1407 1200 τέρατα
1428 1135 1510 1197 προ·

203 1209 361 1297 γινώσκει
381 1217 437 1280 καλ
459 1206 607 1294 ἐκβάσεις
628 1217 759 1298 καιρῶν
779 1217 836 1282 καὶ
855 1205 1011 1300 γρόνωνι
1036 1205 1056 1282 ό
1078 1217 1140 1301 τῆς
1162 1215 1283 1298 σοφίας
1302 1206 1469 1301 μαθητής.

286 1331 338 1398 ΙΧ.
364 1331 524 1408 Τοιοῦτος
543 1325 606 1414 γάρ
626 1323 645 1398 ό
665 1323 862 1416 γνωστικός,
879 1325 927 1410 τός
941 1325 1060 1418 μόνοις
1075 1347 1146 1410 τοῖς
1161 1325 1215 1400 διά
1232 1325 1296 1416 τὴν
1311 1323 1510 1416 <δια>μανὴν
1529 1339 1575 1406 21,
1589 1341 1605 1396 1

203 1432 266 1496 τοῦ
291 1427 448 1516 σώματος
474 1433 662 1516 γινομένοις
687 1424 812 1498 πάθεσι
835 1435 1063 1516 περιπίπτειν,
1095 1427 1170 1499 σίσν
1195 1435 1310 1514 πείνη,
1341 1431 1431 1513 δίφει
1454 1431 1509 1496 καί

204 1544 277 1608 τοῖς
299 1521 437 1616 ὁμοίοις
474 1522 548 1598 άλλ’
571 1531 625 1598 ἐπί
646 1533 708 1614 μὲν
730 1533 793 1598 τοῦ
813 1532 969 1616 σωτῆρας
991 1527 1032 1600 τό
1054 1534 1150 1617 σῶμα
1173 1523 1331 1600 άπαιτείν
1350 1521 1399 1610 σός
1413 1530 1545 1613 σῶμα.
1528 1543 1545 1576 ⁰

154 1643 186 1696 10
202 1623 264 1708 τάς
284 1620 469 1716 ἀναγκαίας
490 1622 669 1714 ὑπηρεσίας
690 1632 737 1708 είς
759 1623 934 1716 διαμονήν,
956 1625 1106 1750 γίλῶως
1087 1655 1130 1698 αν
1151 1631 1217 1716 είη·
1238 1623 1420 1715 ἔφαγεν
1384 1651 1448 1714 γαρ
1469 1619 1510 1696 οδ

203 1723 259 1796 διά
281 1723 323 1796 τό
344 1729 451 1814 σῶμα,
473 1723 611 1814 δυνάμει
632 1723 857 1815 συνεχόμενον
878 1722 968 1820 άγία,
999 1721 1080 1800 άλλ
1103 1723 1151 1811 αός
1174 1725 1219 1816 μὴ
1242 1725 1322 1808 τοῦς
1343 1721 1510 1806 συνόντας

203 1821 317 1908 άλλως
337 1831 413 1948 περί
437 1819 543 1897 αῦτοῦ
564 1843 705 1914 φρονειν
727 1820 933 1910 δπεισίλθσι,
957 1821 1072 1916 ωσπερ
1090 1821 1239 1914 άμίλει“
1218 1849 1363 1913 υστερον
1377 1821 1511 1915 δοκήσει

202 1929 293 2008 τινὲς
315 1920 422 1996 αῦτόν
443 1931 710 2014 πεφανερῶσθαι
731 1919 914 2010 ῦπίλαβον·
952 1921 1057 2008 αῦτός
1082 1930 1118 1997 δὲ
1140 1921 1351 2013 άπαξαπλως
1372 1919 1511 2012 άπαθὴς

202 2015 258 2112 ἦν,
289 2017 380 2108 είς
362 2053 403 2095 αν
430 2022 508 2096 οῦδὲ
510 2051 530 2092 ν
560 2022 796 2112 παρεισδῦεται
826 2033 950 2116 κίνημα
975 2025 1173 2116 παθητικόν
1200 2017 1280 2096 οῦτε
1302 2019 1408 2112 ἡδονὴ
1429 2013 1509 2094 οῦτε

152 2143 185 2196 15
202 2120 301 2242 λῦπη..
344 2127 377 2198 σί
400 2129 436 2196 δὲ
458 2119 648 2198 άπόστολοι
675 2119 776 2214 όργῐγς
801 2129 856 2198 καί
884 2123 994 2211 φόβου
1014 2132 1070 2198 καί
1092 2129 1273 2214 ἐπιθυμίας
1296 2122 1350 2195 διά
1372 2127 1434 2211 τῆς
1454 2135 1546 2191 xvi

201 2229 318 2312 ριακῆς
353 2226 567 2306 διδασκαλίας
600 2224 880 2310 γνωστικώτερον
912 2221 1143 2314 κρατήσαντες
1175 2229 1231 2296 καί
1262 2221 1305 2294 τά
1340 2227 1509 2292 δοκοῦντα

202 2317 315 2409 άγαθά
337 2329 411 2394 τῶν
433 2329 643 2412 παθητικῶν
657 2319 864 2412 κινημάτων,
887 2323 964 2396 ολον
979 2321 1114 2412 θάρσος,
1139 2329 1251 2412 ζῆλον,
1274 2319 1389 2410 χαράν,
1411 2316 1509 2390 εῦθο-

200 2427 290 2508 μίαν,
321 2416 398 2492 οῦδὲ
426 2417 512 2492 αῦτὶι
539 2417 755 2509 άνεδίξαντο,
786 2425 919 2514 ίμπίδῳ
947 2429 1015 2496 τινί
1041 2429 1103 2512 τῆς
1129 2429 1281 2504 διανοίας
1306 2415 1508 2491 καταστάσει

200 2523 283 2608 μηδὲ
304 2516 388 2590 καθ’
411 2517 530 2594 ὁτιοῦν
551 2519 853 2614 μεταβαλλόμενοι,
883 2519 958 2594 ἀλλ’
980 2527 1018 2594 ἐν
1040 2517 1146 2609 δέκ’
1125 2519 1297 2612 ασκὴσεως
1319 2515 1370 2591 άεί
1390 2527 1507 2608 μένον-

150 2643 184 2698 20
202 2647 258 2702 τες
280 2615 508 2692 άναλλσίωτσι
530 2619 614 2712 μετά
635 2648 671 2710 γε
690 2649 755 2710 την
776 2627 839 2692 τοῦ
859 2617 1020 2712 κυρίσυ’
999 2620 1193 2694 ανάστασιν.
1232 2617 1298 2692 κᾶν
1303 2618 1381 2744 Ηγάρ
1399 2627 1404 2704 Ι
1423 2615 1507 2706 μετά
1525 2631 1544 2686 4
1563 2631 1646 2688 77611

202 2713 306 2808 λόγου
334 2715 494 2809 γινόμενα
525 2721 568 2792 τά
597 2727 823 2810 προειρημένα
853 2717 967 2812 άγαθά
994 2751 1045 2804 τις
1071 2725 1259 2810 ἐνδέχηται,
1291 2715 1364 2791 άλλ’
1387 2711 1450 2790 οῦν
1471 2743 1508 2806 γε

201 2821 254 2890 ἐπὶ
278 2825 341 2888 τοῦ
362 2825 495 2892 τελείου
523 2817 564 2892 οῦ
589 2815 878 2910 παραδεκτέον,
860 2851 898 2903 ος
920 2813 1000 2894 σῦτε
1027 2833 1166 2907 θαρσεῖν
1188 2824 1252 2909 ἔχει
1275 2816 1365 2908 (οῦδὲ
1387 2817 1450 2908 γάρ
1471 2821 1508 2888 ἐν

201 2924 322 3000 δεινοῖς
349 2926 491 3008 γίνεται.
522 2925 627 3010 μηδὲν
649 2917 804 2992 δεινόν’
785 2919 968 3010 ηγοόμενος
990 2927 1064 2991 τῶν
1086 2925 1123 2992 ἐν
1146 2927 1197 3012 τῷ
1221 2927 1294 3010 βίω,
1326 2913 1447 2992 οῦδὲ
1426 2943 1508 3008 απο;

200 3023 319 3106 στῆσαί
345 3049 377 3090 τι
405 3026 458 3090 καί
482 3019 597 3108 <δνευ>
621 3019 748 3092 τοῦτου
773 3017 881 3092 αὐτόν
909 3027 971 3110 τῆς
997 3019 1083 3108 πρὸς
1109 3020 1172 3092 τόν
1196 3022 1280 3092 θεὸν
1302 3015 1433 3108 άγάπης
1454 3015 1509 3087 δῦ-

149 3145 183 3202 25
201 3127 326 3206 ναται),
364 3113 442 3190 οῦτε
475 3117 635 3210 εὐθυμίας
661 3127 755 3208 χρεία
785 3123 877 3192 ἐστίν
908 3115 999 3207 (οῦδὲ
1029 3118 1092 3208 γάρ
1123 3125 1170 3202 εἰς
1201 3118 1313 3209 λῦπην
1342 3123 1508 3206 ἐμπίπτει,

199 3213 314 3288 πάντα
343 3227 457 3302 καλῶς
487 3227 641 3308 γίνεσθαι
670 3226 902 3310 πεπεισμένος)
925 3215 1003 3290 οῦδὲ
1033 3221 1101 3309 μὴν
1132 3225 1301 3309 θυμοῦται
1323 3215 1415 3306 (οῦδὲ
1445 3211 1507 3302 γάρ

199 3321 292 3390 ἐστιν
317 3311 336 3388 ό
364 3348 397 3390 τι
423 3316 612 3408 συγκινὴσει
642 3315 749 3390 αῦτόν
778 3319 865 3407 πρὸς
894 3315 1017 3408 θυμόν,
1049 3315 1239 3408 άγαπῶντα
1265 3315 1315 3389 δελ
1338 3313 1509 3388 τὸνθεόν

198 3423 255 3486 καί
280 3417 367 3502 πρὸς
394 3417 509 3508 τοῦτῳ
536 3417 633 3509 μόνῳ
661 3415 745 3490 ὅλον
770 3424 1002 3508 τετραμμένον
1027 3426 1082 3490 καλ
1105 3418 1160 3490 διά
1182 3425 1288 3491 τοῦτο
1309 3421 1413 3506 μηδὲν
1435 3419 1508 3485 τῶν

199 3513 396 3606 κτισμάτων
422 3525 487 3590 τοῦ
513 3525 599 3590 θεοῦ
624 3515 853 3608 μεμισηκότα)·
890 3513 968 3590 ἀλλ’
992 3515 1070 3592 οῦδὲ
1098 3530 1195 3608 ςηλσλ
1216 3515 1307 3605 (οῦδὲ
1335 3515 1398 3605 γάρ
1421 3520 1543 3586 ἑνδείθ

148 3643 182 3696 30
200 3643 233 3685 τι
255 3613 349 3707 αῦτῴ
371 3615 459 3706 πρός
480 3623 679 3708 ἐξομοίωσιν
702 3626 753 3708 τῷ
775 3623 871 3706 καλῷ
893 3625 948 3690 καί
972 3614 1094 3708 άγαθῷ
1116 3619 1215 3690 εἶναι·
1237 3615 1314 3690 οῦδὲ
1337 3615 1402 3702 άρα
1417 3621 1509 3701 φιλεί

200 3743 278 3790 τινα
305 3716 370 3808 τὴν
394 3745 516 3808 κοινην
541 3716 673 3808 ταῦτην
698 3727 825 3806 φιλίαν,
857 3713 935 3790 ἀλλ’
957 3714 1071 3809 άγαπᾷ
1098 3717 1161 3790 τόν
1186 3725 1330 3806 κτίστην
1356 3713 1411 3830 διὰ
1433 3719 1506 3782 τῶν

198 3815 417 3906 κτισμάτων).
459 3813 537 3890 οὔτ’
560 3811 622 3889 σῦν
647 3825 808 3910 ἐπιθυμίᾳ
835 3827 889 3888 καί
916 3811 1023 3904 όρίξει
1046 3825 1115 3889 τινί
1135 3825 1330 3904 περιπίπτει
1354 3808 1433 3886 οῦτε
1456 3816 1505 3882 ἐν·
1526 3829 1600 3896 m

199 3915 276 4008 δεὴς
305 3923 376 3988 ἐστι
406 3915 494 3990 κατά
523 3945 559 4006 γε
592 3917 656 4006 τὴν
687 3917 798 4008 φυγὴν
829 3926 903 3990 τῶν
933 3917 1052 3990 ἄλλων
1081 3913 1190 3998 τινός
1222 3915 1336 3986 συνών
1366 3909 1429 4002 ἤδη
1458 3907 1504 3983 δι’

284 4123 358 4180 δ-ίί
372 4123 473 4180 Weuh.
487 4123 541 4178 Sal.
553 4125 578 4188 8,
590 4125 608 4178 8
678 4123 791 4180 11-18
804 4123 858 4194 ng
871 4122 1115 4180 ίσίιεαυεε-Δλίοα
1126 4121 1168 4176 εδ
1181 4121 1291 4177 Βουαοί
1303 4137 1328 4190 p.
1339 4121 1396 4184 196,
1407 4119 1442 4174 22

200 4209 263 4268 ln
279 4208 334 4280 τρὶ.
353 4209 486 4280 Οίττγιίρμ
505 4208 547 4262 Fr.
564 4225 632 4264 mor.
651 4211 699 4264 ⁴31
711 4209 724 4261 ί
738 4207 834 4263 Arnim

287 4382 301 4435 1
320 4375 520 4436 ὑποστείλαιτο
532 4376 579 4432 Wi
597 4371 780 4434 ὑπεστείλατο
800 4376 820 4430 L
890 4377 908 4431 2
927 4371 988 4432 ἐπεί
1001 4377 1036 4445 Sy
1055 4373 1135 4432 ἐπίίι
1213 4377 1227 4429 ί
1249 4373 1415 4443 χδια>μονίγν
1427 4372 1506 4426 θοίικ

197 4465 328 4532 μδνηνλι
419 4463 482 4519 m
506 4459 643 4530 εὐθυμίαν
666 4463 697 4514 st
726 4457 880 4528 ἐπιθυμίαν
903 4461 924 4514 L
1013 4460 1053 4516 24
1074 4461 1124 4516 καί
1146 4453 1241 4526 (ἄνευ)
1264 4456 1367 4514 τοῦτον
1389 4459 1435 4526 (ια
1453 4463 1507 4511 τοῦ

197 4553 318 4620 θαρσεῖν
336 4547 558 4616 vgl.s.4t58,10)
576 4549 608 4602 st
624 4547 673 4602 καί
692 4539 773 4612 ςέξιο)
791 4543 894 4600 τοῦτον
912 4547 958 4614 (τα
970 4551 1022 4601 τοῦ
1033 4545 1108 4616 βίον)
1127 4543 1206 4597 θσίιττ
1223 4543 1272 4598 καί
1290 4539 1399 4598 τοῦτον
1416 4545 1505 4595 Αοοα.

197 4633 241 4686 bei
257 4631 399 4696 Villoiaon,
412 4631 498 4702 Ερίκί.
513 4631 606 4686 Vina.
619 4649 644 4702 p.
657 4633 691 4686 96
707 4625 781 4684 κατὰ
799 4627 901 4684 τοῦτον
913 4627 951 4698 Sy
968 4635 1099 4684 τοιοῦτον
1111 4627 1159 4682 Ma
1227 4627 1265 4682 25
1284 4621 1349 4682 οὔτε
1362 4625 1396 4680 Di
1408 4623 1472 4682 οὐδὲ
1484 4625 1506 4678 L

244 4713 307 4772 om
325 4715 359 4770 Di
378 4709 485 4772 οδτείι
560 4717 599 4772 28
617 4723 719 4772 τοῦτον
730 4711 822 4782 μόνον
841 4711 887 4766 Mn
955 4714 995 4768 80
1012 4705 1086 4768 εἶναι
1102 4709 1504 4782 ρίεοοαείίιοίιτιίοθ.468,2ί

1241 4797 1296 4848 30*
