3738 5536
566 526 705 584 stromata
722 527 742 582 1.
764 527 828 598 Cap.
843 528 888 584 vl.
906 529 948 596 36,
960 528 1076 600 2-Gap.
1090 527 1161 580 v111.
1179 527 1260 595 39,1.
1526 535 1564 596 25

257 700 332 765 τῶν
357 695 516 780 αἱρέσεων
542 686 680 762 τούτων
701 697 831 774 καλῶς.
862 689 1078 780 δικαιοσύνην
1098 687 1182 781 μετὰ
1204 685 1358 776 εὐσεβοῦς
1381 687 1565 780 ἐπιστήμης

257 789 514 876 ἐκδιδόακοντα,
546 797 651 862 τοῦτο
682 787 817 880 σύμπαν
839 787 881 860 τό
903 789 1099 862 ἐκλεκτικόν
1129 797 1337 878 φιλοσοφίαν
1368 797 1459 879 φημί.
1502 782 1565 860 όσα

257 899 293 964 δὲ
314 887 552 980 ἀνθρωπίνων
573 895 744 980 λογισμῶν
766 885 1014 980 ἀποτεμόμενοι
1035 886 1285 978 παρεχόραξαν,
1308 895 1416 961 ταῦτα
1438 885 1500 961 ούκ
1522 888 1565 962 ἀν

256 1021 341 1066 ποτε
364 1001 441 1064 θεῖα
463 987 590 1077 εἴποιμ’
613 989 666 1061 ἀν.

221 1113 239 1164 σ
334 1087 414 1182 Ἤδη
445 1095 481 1162 δὲ
509 1083 644 1160 κάκεῖνο
675 1093 871 1179 σκοπῶμεν,
902 1087 951 1172 ῶς
973 1095 1002 1162 εί
1021 1117 1106 1162 ποτε
1137 1092 1170 1162 ολ
1191 1088 1236 1178 μή
1258 1085 1474 1176 ἐπιστάμενοι
1496 1093 1563 1160 δια·
1581 1091 1660 1160 ⁸⁸‚l

256 1197 364 1278 βιοῦσι
385 1197 500 1273 καλῶς
520 1180 586 1274 ήεύ
606 1206 729 1260 ποιεῖν·
751 1184 884 1280 εύποιίᾳ
910 1188 973 1280 γὰρ
1002 1189 1315 1278 περιπεπτῶκασιν,
1348 1193 1431 1259 ἔνιοι
1453 1193 1563 1260 δὲκαὶ

257 1287 453 1379 εύστοχούσι
482 1285 537 1360 διά
568 1294 733 1370 συνέσεως
760 1293 806 1370 είς
833 1285 896 1358 τὸν
921 1295 996 1378 περί
1019 1285 1181 1380 ἀληθείας
1203 1287 1315 1378 λόγον,
1348 1283 1507 1377 »Ἀβραὰμ
1528 1293 1563 1360 δέ

258 1387 319 1464 ούιι
342 1393 377 1477 ἐξ
397 1389 508 1476 ἔργων
529 1385 724 1478 ἐδικαιώθη,
749 1383 826 1460 ἀλλ’
849 1390 887 1458 ἐκ
907 1395 1080 1472 πίστεως.»
1119 1385 1217 1461 ούδὲν
1232 1381 1294 1460 ούν
1309 1381 1433 1476 ὄφελος
1448 1385 1601 1473 αύτοῖςὲ

255 1487 340 1580 μετά
370 1487 437 1578 τήν
467 1485 629 1576 τελευτήν
659 1492 723 1558 τοῦ
753 1494 840 1572 βίου,
871 1482 937 1558 κάν
966 1484 1110 1576 εύεργεῖς
1140 1480 1204 1560 ῶοι
1226 1495 1301 1572 νῦν,
1333 1491 1361 1558 εί
1381 1487 1426 1578 μή
1449 1495 1566 1558 πίστιν

205 1607 240 1660 10
256 1591 374 1679 ἔχοιεν.
414 1585 469 1658 διὰ
490 1591 596 1659 τοῦτο
619 1585 683 1676 γὰρ
703 1581 878 1678 Ἑλλήνων
900 1593 1000 1675 φωνῇ
1023 1584 1281 1676 ήρμηνεύθησαν
1303 1589 1337 1658 αί
1359 1595 1494 1676 γραφαί,
1517 1585 1565 1670 ῶς
1583 1597 1602 1650 8

255 1687 300 1780 μή
331 1683 504 1777 πρόφασιν
533 1683 672 1771 ἀγνοίας
701 1683 956 1772 προβάλλεσθαι
982 1691 1173 1778 δυνηθῆναί
1194 1713 1280 1758 ποτε
1302 1683 1439 1771 αύτούς,
1471 1689 1566 1768 οίους

258 1817 294 1860 τε
317 1779 422 1870 ὄντας
444 1791 628 1858 ἐπακοῦσαι
649 1792 705 1856 καὶ
720 1793 794 1857 τῶν
808 1784 891 1876 παρ’
908 1781 995 1875 ήμῖν,
1018 1781 1062 1874 ἢν
1075 1783 1185 1874 μόνον
1198 1783 1414 1876 ἐθελήσωσιν.
1450 1785 1565 1868 ἄλλως
1583 1797 1601 1854 4

257 1915 308 1970 τις
329 1893 407 1976 περὶ
430 1882 593 1975 ἀληθείας
615 1891 710 1974 λέγει,
733 1883 849 1968 ἀλλως
871 1881 892 1974 ή
914 1881 1059 1975 ἀλήθεια
1080 1885 1205 1973 ἑαυτήν
1228 1883 1404 1976 ίρμηνεύει.
1447 1887 1565 1973 ἕτερον

256 1983 445 2077 στοχασμὸς
477 1981 655 2074 ἀληθείας,
686 1984 806 2072 ἕτερον
827 1981 847 2074 ή
871 1981 1027 2074 ἀλήθεια,
1059 1984 1144 2058 ἀλλο
1167 1979 1340 2074 όμοίωσις,
1372 1983 1458 2056 ἀλλο
1481 1981 1564 2056 αύτό

207 2104 240 2158 15
257 2083 298 2157 τό
321 2079 373 2170 όν,
394 2093 451 2156 καὶ
473 2083 495 2176 ή
516 2091 579 2176 μέν
600 2079 744 2174 μαθήσει
765 2091 820 2155 καὶ
842 2080 978 2174 ἀσκήσει
1004 2093 1223 2174 περιγίνεται,
1246 2083 1267 2174 ή
1289 2089 1324 2155 δέ
1346 2081 1483 2173 δυνάμει
1509 2091 1565 2154 καὶ

256 2193 375 2258 πίστει
419 2182 531 2272 δωρεά
558 2183 621 2274 γὰρ
643 2179 663 2274 ή
688 2188 884 2256 διδασκαλία
911 2189 971 2274 τής
993 2192 1198 2270 θεοσεβείας,
1228 2181 1322 2274 χόρις
1345 2189 1379 2256 δὲ
1402 2179 1423 2272 ή
1443 2189 1602 2268 πίστιςσ

257 2289 437 2367 ποιοῦντες
459 2281 522 2372 γάρ
545 2280 586 2354 τὸ
607 2288 739 2372 θέλημα
755 2288 819 2354 τοῦ
840 2288 925 2356 θεοῦ
940 2281 980 2354 τό
996 2289 1127 2374 θέλημα
1141 2285 1358 2374 γινώσκομεν.
1391 2279 1564 2370 »ἀνοίξατε

257 2377 354 2470 ούν»,
386 2389 490 2472 φησίν
512 2377 532 2472 ή
554 2379 682 2472 γραφή,
716 2381 842 2466 »πύλας
868 2380 1097 2473 δικαιοσύνης,
1124 2387 1179 2454 ίνο
1201 2389 1239 2455 ἐν
1261 2380 1378 2467 αὐτοῖς
1399 2383 1566 2455 είσελθῶν

257 2479 556 2576 ἐξομολογήσωμαι
587 2489 638 2573 τῷ
665 2489 798 2571 κυρίῳπ
845 2477 923 2554 ἀλλ’
945 2483 979 2552 οί
1000 2487 1061 2570 μέν
1083 2487 1130 2566 είς
1151 2481 1366 2574 δικαιοσύνην
1388 2478 1475 2566 όδοί,
1506 2495 1602 2554 πο-ίί

206 2607 241 2660 ‘20
258 2579 440 2672 λυτρόπως
461 2579 635 2672 σῴζοντος
657 2587 720 2654 τοῦ
741 2589 827 2654 θεοῦ
848 2577 990 2670 (ἀγαθὸς
1011 2579 1100 2672 γάρ),
1126 2589 1254 2654 πολλαί
1276 2610 1313 2653 τε
1335 2591 1391 2654 καί
1413 2588 1564 2654 ποικίλαι

257 2689 313 2755 καί
334 2689 496 2771 φέρουσαι
515 2687 520 2768 Ι
540 2685 586 2762 είς
613 2679 678 2770 τήν
703 2687 823 2769 κυρίαν
845 2675 928 2752 όδόν
949 2707 986 2752 τε
1008 2688 1063 2750 καί
1084 2679 1206 2770 πύλην.
1248 2679 1307 2752 ἐόν
1329 2686 1365 2752 δὲ
1388 2681 1451 2770 τήν
1473 2690 1562 2764 βασι·
1579 2697 1666 2752 3391>

258 2779 357 2874 λικήν
378 2810 415 2854 τε
436 2789 491 2854 καί
514 2777 722 2870 αύθεντικήν
742 2784 875 2851 εἴσοδον
896 2785 1010 2868 ζητῇς,
1040 2774 1181 2867 ἀκούσῃ·
1220 2774 1324 2870 »αὕτη
1346 2775 1366 2868 ή
1389 2779 1479 2870 πύλη
1501 2785 1563 2850 τού

257 2891 383 2970 κυρίου.
406 2888 528 2954 δίκωοι
550 2878 794 2952 εἰσελεύσονται
814 2882 851 2950 ἐν
873 2875 984 2967 αύτῇ.»
1027 2885 1189 2950 »πολλῶν
1204 2887 1323 2951 τοίνυν
1337 2875 1563 2970 ἀνεῳγμένων
1582 2895 1597 2951 ί

256 2986 378 3052 πυλῶν
399 2978 453 3071 <ή>
474 2986 512 3052 ἐν
533 2977 725 3064 δικαιοσύνη
746 2971 832 3067 αύτη
853 2969 896 3066 ήν
917 2983 955 3051 ἐν
976 2985 1129 3070 Χριστῷ,
1156 2981 1194 3049 ἐν
1215 2969 1236 3067 ή
1256 2975 1414 3068 μακάριοι
1436 2974 1564 3061 πάντες

206 3083 291 3156 2501
313 3079 526 3162 εἰσελθόντες
553 3085 608 3150 καί
638 3075 909 3160 κατευθύνοντες
939 3075 1004 3168 τήν
1029 3087 1172 3165 πορείαν
1192 3073 1309 3149 αύτῶν
1330 3082 1369 3150 ἐν
1390 3073 1560 3167 ὁσιότητι»

259 3187 437 3268 γνωστική.
480 3175 601 3252 αύτίκα
623 3171 642 3250 ὁ
666 3174 805 3268 Κλήμης
826 3179 864 3248 ἐν
886 3183 929 3265 τῇ
950 3175 1036 3264 πρὸς
1059 3183 1264 3266 Κορινθίους
1293 3181 1456 3266 ἐπιστολῇ
1476 3175 1565 3248 κατὰ
1583 3195 1601 3252 8

259 3283 350 3366 λέξιν
372 3287 453 3368 φησί
476 3277 538 3362 τός
560 3275 726 3365 διαφορὰς
747 3281 964 3366 ἐκτιθέμενος
987 3285 1060 3348 τῶν
1080 3276 1168 3348 κατὰ
1190 3275 1256 3366 τήν
1276 3281 1455 3368 ἐκκλησίαν
1477 3281 1565 3350 δοκί·

258 3403 345 3468 μων·
370 3375 464 3468 »ήτω
485 3406 538 3460 τις
559 3371 690 3460 πιστός,
713 3371 787 3465 ήτω
810 3373 956 3460 δυνατός
976 3383 1105 3464 γνῶσιν
1126 3380 1280 3464 ἐξειπεῖν,
1303 3373 1377 3466 ήτω
1398 3375 1507 3464 σοφὸς
1528 3379 1565 3448 ἐν

258 3485 417 3566 διακρίσει
439 3473 562 3567 λόγων,
584 3473 659 3566 ήτω
681 3473 803 3566 γοργὸς
824 3479 862 3546 ἐν
882 3476 1017 3564 ἐργοιςπ

206 3605 242 3660 30
341 3581 425 3648 Vlll.
453 3571 496 3646 ‘H
515 3581 549 3647 δέ
575 3573 756 3664 σοφιστική
783 3580 899 3664 τέχνη,
932 3573 976 3665 ἣν
997 3573 1206 3664 ἐζηλώκασιν
1219 3567 1395 3666 Ἕλληνες,
1427 3573 1564 3664 δύναμίς
1581 3593 1660 3660 σαί

257 3681 329 3750 ἐστι
351 3672 578 3765 φονταστική,
605 3673 660 3747 διὰ
682 3671 796 3764 λόγων
822 3679 935 3762 δοξῶν
956 3673 1155 3765 ἐμποιητική
1178 3680 1315 3762 ψευδῶν
1338 3669 1386 3756 ῶς
1408 3671 1564 3766 ἀληθῶν·

257 3783 393 3866 παρέχει
422 3775 486 3864 γὰρ
511 3773 599 3863 πρὸς
623 3781 686 3864 μὲν
711 3775 825 3846 πειθῶ
847 3775 913 3864 τήν
934 3770 1134 3864 ῥητορικήν,
1165 3772 1252 3861 πρὸς
1275 3773 1315 3844 τό
1339 3769 1565 3864 ἀγωνιστικόν

347 3951 388 4010 Η
403 3952 480 4008 Rom.
498 3957 523 4020 4,
542 3953 565 4007 2.
584 3953 618 4008 16
698 3953 819 4010 17-12
838 3954 903 4010 221
918 3953 1126 4022 Ρεείίίᾘθί
1140 3953 1320 4024 (ασείῦίειυ.
1334 3952 1564 4021 υάὒοτ.48,2ί);

259 4035 314 4108 ng
332 4037 432 4092 Strom,
446 4037 483 4090 vl
500 4037 571 4098 642
651 4036 774 4092 28—25.
793 4037 858 4094 2⁸1
878 4037 1035 4094 lclem.ad
1054 4037 1221 4102 0014&ss
1295 4038 1395 4094 80—8.
1409 4039 1488 4104 26st
1509 4037 1565 4108 vgl.

259 4119 342 4177 Ρίείο
359 4121 471 4192 sophin
487 4139 513 4193 p.
531 4121 582 4176 239
595 4119 627 4182 (ίς
658 4121 709 4176 236
726 4119 747 4174 O
766 4119 951 4190 (φανταστικὴ
973 4121 1080 4194 τέχνηίῐ
1107 4125 1159 4180 240
1175 4123 1200 4178 D
1219 4124 1334 4192 (ψευδὴς
1350 4121 1443 4192 δδξα);
1472 4123 1523 4178 226
1541 4125 1564 4175 A

258 4201 402 4276 (έριστική,
420 4203 602 4276 ἀγωνιστική)

344 4357 362 4412 2
386 4351 487 4424 matti>
510 4353 542 4410 τὸ
565 4351 729 4412 ἐκλεκτικδν
753 4353 832 4408 Sobv
854 4351 887 4408 τό
910 4351 1043 4412 έκλεκτδν
1060 4357 1091 4412 St
1171 4361 1190 4414 6
1217 4349 1249 4416 εὖ
1274 4363 1368 4414 ποιεῖν
1385 4377 1420 4406 ω
1438 4373 1488 4412 vor
1509 4355 1566 4410 δια·

257 4443 350 4512 βιοῦσι
372 4439 475 4495 Ηεττελ
501 4431 543 4509 [εύ
560 4437 663 4508 ποιεῖν]
685 4439 732 4493 Ma
760 4434 857 4506 (οὐδὲν
875 4431 979 4508 ὄφελος
996 4439 1042 4507 za>
1066 4433 1098 4498 εύ
1115 4451 1209 4500 ποιεῖν
1220 4443 1252 4498 st
1270 4439 1319 4510 (οὐ
1336 4442 1438 4498 τέλειοι
1456 4439 1565 4512 γίγνον·

259 4541 305 4580 ται
322 4523 404 4596 μύνφ
422 4529 476 4596 τῷ)
495 4525 575 4579 Sohw
657 4525 695 4580 10
713 4517 969 4592 έρμηνεύθησανίι
1050 4527 1090 4582 24
1109 4527 1138 4598 <ή
1173 4544 1221 4581 aus
1240 4527 1251 4580 I
1270 4527 1354 4582 Clam.
1372 4544 1397 4580 u.
1415 4525 1513 4580 strom.
1528 4523 1565 4578 v1

257 4609 334 4748 θλὲ
364 4605 585 4748 101ήνΙέστινή
609 4605 885 4662 101εω.α.8λτατα.
970 4609 1009 4665 29
1027 4610 1133 4682 γοργὸς
1150 4613 1192 4680 (so
1209 4609 1567 4678 auehSh'om.V165‚3)l

258 4709 346 4762 αγις
428 4709 479 4748 em.
