3704 5530
558 539 697 594 θίτσιαώ
715 539 759 595 vl.
782 537 847 608 Gap.
860 537 917 596 XV.
936 539 994 606 12⁴,
1007 539 1116 604 1-126,
1128 541 1152 594 4.
1444 547 1504 608 495

201 697 278 774 ούδέ
304 703 370 786 fv«,
401 708 456 774 καί
488 697 509 792 ή
539 709 732 792 προφητεία
763 699 829 792 ἆρα
854 709 909 774 καί
935 696 954 774 ό
982 699 1085 790 νόμος
1111 699 1156 774 δι’
1179 697 1285 774 αύτσῦ
1311 727 1348 772 τε
1369 705 1505 790 ἐγίνετο

200 809 254 874 καί
290 805 329 874 ἐν
363 809 572 892 παραβολαῖς
607 799 826 894 ἐλαλήθησαν
862 799 908 874 δι’
934 797 1057 874 αύτοῦ·
1099 799 1192 892 πλήν
1230 793 1385 874 »ἅπαντα
1416 795 1505 890 όρθό

199 900 350 974 ἐντόπιον
365 907 438 974 τῶν
452 907 669 984 ουνεέντοονι,
685 909 787 992 φηοίν
803 897 823 991 ή
838 898 962 992 γραφή,
983 905 1139 974 τουτέστι
1154 907 1229 974 τῶν
1244 893 1318 974 ὅσοι
1333 895 1389 972 ύπ’
1399 895 1506 972 αύτοῦ

199 1013 467 1093 σαφηνισθεῖσαν
488 999 587 1092 (τήν)
608 1007 684 1072 τῶν
705 1007 848 1092 γραφῶν
869 997 1023 1092 ἐξήγησιν
1040 999 1129 1072 κατὰ
1150 997 1214 1072 τόν
1227 997 1505 1091 ἐκκλησιαστικὸν

165 1123 182 1176 5
199 1097 330 1174 κανόνα
351 1099 562 1192 ἐκδεχόμενοι
583 1099 800 1192 διασῴζωσι·
822 1101 940 1174 κανών
961 1105 998 1172 δέ
1018 1097 1292 1192 ἐκκλησιαστικός
1313 1096 1334 1190 ή
1356 1103 1542 1188 συνφδίαῖ

198 1208 255 1272 καί
285 1195 307 1291 ή
336 1205 513 1292 συμφωνία
543 1198 651 1290 νόμου
680 1227 718 1272 τε
743 1208 800 1272 καί
826 1206 1020 1290 προφητῶν
1041 1207 1084 1290 τῇ
1106 1199 1194 1272 κατὰ
1216 1198 1282 1290 τήν
1303 1205 1367 1272 τοῦ
1387 1207 1505 1290 κυρίου

199 1307 388 1388 παρουσίαν
407 1305 659 1391 παραδιδομένη
681 1297 837 1390 διαθήκη.
882 1299 1005 1390 γνώσει
1025 1305 1087 1390 μέν
1109 1291 1171 1372 ούν
1194 1301 1309 1372 ἕπεται
1331 1297 1504 1390 φρόνησις,
1524 1313 1542 1368 4

200 1399 406 1491 σωφροσύνη
440 1405 476 1472 δέ
506 1407 549 1490 τῇ
575 1395 754 1490 φρονήσει·
780 1397 930 1490 είρήσθον
957 1397 1020 1490 γὰρ
1042 1397 1108 1489 τήν
1128 1405 1190 1490 μέν
1211 1397 1379 1490 φρόνησιν
1400 1395 1504 1488 ύπᾶρ-

198 1527 270 1588 χειν
296 1507 423 1589 γνῶσιν
448 1507 547 1574 θείαν
572 1507 628 1572 καί
654 1503 693 1571 ἐν
719 1515 793 1584 τοῖς
815 1503 1110 1588 θεοκοιουμένοις,
1133 1499 1198 1590 τήν
1219 1504 1255 1570 δέ
1277 1497 1505 1589 σωφροσύνην

149 1619 182 1672 10
200 1598 336 1689 θνητήν
359 1607 416 1672 καί
441 1604 480 1672 ἐν
507 1595 708 1688 όνθρῶποις
729 1599 815 1670 είναι
837 1603 1098 1688 φιλοσοφοῦσιν,
1121 1593 1256 1670 ούδέπον
1277 1617 1406 1686 σοφοῖς.
1449 1594 1542 1672 τού-5

200 1705 290 1779 τίκα,
318 1702 411 1788 είπερ
437 1695 540 1790 δρετή
567 1705 627 1786 [τέ]
654 1703 746 1770 ἐστιν
772 1705 864 1782 θεία,
885 1707 941 1770 καί
964 1705 1087 1788 γνῶσις
1109 1693 1229 1788 αύτής·
1256 1693 1505 1788 ήσοεφροσύνη

200 1801 235 1868 δέ
260 1797 336 1870 οίον
357 1793 480 1889 ότελής
502 1795 679 1889 φρόνησις,
702 1801 858 1888 ἐφιεμένη
880 1804 942 1888 μὲν
963 1795 1175 1887 φρονήσεως,
1197 1797 1357 1888 ἐργατικὴ
1378 1801 1414 1868 δέ
1435 1799 1505 1870 ἐπι·

198 1893 317 1980 πόνοις
342 1903 396 1970 καί
419 1893 462 1970 ου’
482 1893 692 1988 θεωρητική,
713 1893 869 1986 καθάπερ
890 1893 1003 1988 ἆμέλει
1025 1892 1046 1986 ή
1068 1897 1278 1986 δικαιοσύνη,
1300 1895 1505 1988 ἀνθρωπίνη

199 1987 290 2080 σύσα,
312 1993 440 2081 κοινόν,
461 1993 648 2087 ύποβίβηκε
669 2001 737 2086 <δέ>
760 1995 826 2086 τήν
847 1991 1020 2087 ὁσιότητα,
1043 2005 1143 2069 θείαν
1164 1995 1381 2086 δικαιοσύνην
1400 1992 1506 2086 ύπόρ-

150 2117 181 2169 15
197 2117 331 2184 χουσαν.
366 2103 418 2188 τῷ
441 2103 561 2188 τελείῳ
583 2094 647 2186 γὰρ
668 2091 731 2170 υύκ
752 2100 789 2168 ἐν
814 2105 1028 2186 συμβολαίοις
1050 2109 1240 2180 πολιτικοῖς
1262 2091 1340 2168 ούδέ
1361 2097 1399 2168 ἐν
1420 2091 1543 2166 ἄπα-6

199 2191 348 2284 γορεύσει
377 2191 498 2284 νόμου,
528 2193 602 2270 ἀλλ’
621 2200 656 2283 ἐξ
685 2201 896 2286 ίδιοπραγίας
927 2202 983 2269 καί
1015 2203 1075 2284 τῆς
1106 2193 1193 2284 πρὸς
1218 2195 1305 2268 θεὸν
1330 2189 1504 2284 όγόπηςή

199 2291 402 2384 δικαιοσύνη.

282 2391 343 2466 Διὰ
373 2392 504 2478 πολλὰς
535 2402 654 2466 τοίνυν
683 2401 792 2478 αίτίας
817 2391 1085 2482 ἐπικρύπτονται
1112 2391 1175 2468 τὸν
1201 2399 1286 2466 νοῦν
1310 2396 1344 2464 αί
1369 2397 1505 2481 γραφαί,
1524 2407 1621 2472 lm

198 2499 342 2580 πρῶτον
368 2499 429 2584 μὲν
454 2495 512 2566 ίνα
538 2502 714 2584 ζητητικοὶ
738 2489 941 2582 ύπόρχονμεν
965 2501 1022 2564 καί
1048 2499 1363 2582 προσαγρυπνῶμεν
1389 2487 1440 2562 δελ
1462 2496 1505 2580 τῇ

148 2611 182 2662 20
199 2598 475 2682 τῶνσεοτηρίων
496 2587 613 2682 λόγων
634 2591 768 2682 εύρέσιι,
790 2595 907 2664 ἔπειτα
922 2586 1009 2682 (ὅτι)
1023 2599 1105 2683 μηδὲ
1120 2611 1193 2678 τοῖς
1210 2585 1315 2665 ἅπασι
1329 2595 1506 2679 προσῆκον

200 2682 242 2780 ήν
264 2709 365 2776 νοεῖν,
385 2689 434 2776 σός
454 2691 500 2782 μή
521 2703 675 2780 βλαβεῖεν
696 2693 821 2782 ἐτέρας
841 2689 1053 2782 ἐκδεξάμενοι
1075 2692 1119 2764 τὰ
1133 2687 1201 2765 ύπό
1217 2697 1280 2764 τοῦ
1294 2685 1393 2780 ἇγίου
1406 2687 1505 2761 πνεύ-

198 2817 305 2878 ματος
335 2799 516 2884 σωτηρίως
545 2799 710 2883 εἰρημένα
753 2790 805 2864 διὸ
836 2790 878 2882 δή
909 2809 981 2876 τοῖς
1011 2797 1183 2876 ἐκλεκτοῖς
1209 2797 1284 2862 τῶν
1305 2785 1542 2876 όνθρῶποννλ

200 2907 272 2974 τοῖς
302 2919 340 2964 τε
371 2895 408 2963 ἐκ
438 2899 587 2976 πίστεως
615 2897 663 2974 είς
691 2899 819 2983 γνῶσιν
848 2895 1013 2980 ἐγκρίτοις
1043 2889 1234 2982 τηρούμενα
1262 2887 1305 2962 τό
1332 2881 1410 2978 ύγια
1431 2893 1507 2960 τῶν

199 2997 423 3080 προφητειῶν
452 2989 616 3082 μυστήρια
648 3009 722 3076 ταῖς
751 3001 962 3080 παραβολαῖς
987 2989 1249 3081 ἐγκαλύπτεται·
1275 2987 1543 3078 παραβολικόςσ

148 3105 181 3160 25
198 3089 261 3178 γὰρ
287 3085 307 3162 ό
332 3093 506 3182 χαρακτήρ
535 3089 677 3182 ύπδρχει
700 3097 773 3164 τῶν
794 3099 951 3182 γραφῶν,
977 3089 1066 3164 διότι
1092 3097 1145 3162 καί
1173 3085 1345 3177 όκύριος,
1371 3085 1433 3160 ούκ
1454 3080 1506 3158 ὢν

198 3189 371 3280 κοσμικός,
396 3186 444 3275 ιύς
465 3189 626 3280 κοσμικός
648 3197 695 3276 είς
716 3187 924 3278 ἀνθρώπους
946 3182 1066 3280 ήλθεν·
1096 3197 1151 3263 καί
1173 3189 1236 3278 γὰρ
1259 3187 1419 3276 ἐφόρεσεν
1441 3187 1506 3280 τήν

199 3293 313 3362 πᾶσαν
342 3287 467 3380 ἀρετήν
493 3291 631 3380 ἐμελλίν
656 3319 694 3363 τε
720 3289 784 3362 τὸν
808 3289 1007 3380 σύντροφον
1034 3296 1097 3363 τού
1122 3285 1251 3380 κόσμου
1279 3297 1284 3372 Ι
1312 3287 1506 3376 ἄνθρωπον
1522 3307 1607 3364 8041)

199 3393 254 3458 ἐπί
286 3387 328 3460 τὰ
359 3391 467 3480 νοητὰ
496 3398 552 3462 καί
582 3389 680 3478 κύρια
710 3389 764 3464 διὰ
795 3396 857 3480 τῆς
886 3390 1047 3480 γνώσεως
1073 3385 1212 3478 ἇνόγειν
1237 3391 1275 3460 ἐκ
1304 3381 1434 3476 κόσμου
1458 3390 1505 3468 είς

198 3483 335 3578 κόσμον.
377 3487 430 3560 διὸ
459 3499 515 3562 καί
544 3497 756 3580 μεταφορικῇ
784 3495 943 3580 κέχρηται
974 3497 1016 3578 τῇ
1048 3496 1173 3579 γραφῇ·
1208 3493 1372 3560 τοιοῦτον
1397 3485 1461 3574 γὰρ
1483 3479 1543 3574 ήι

148 3603 182 3656 30
199 3585 390 3680 παραβολή,
421 3585 524 3678 λόγος
550 3586 619 3662 ἀπό
646 3618 741 3673 τινος
766 3587 808 3662 ού
832 3597 953 3680 κυρίου
978 3595 1050 3679 μέν,
1081 3593 1244 3678 ἐμφεροῦς
1266 3591 1302 3658 δέ
1325 3591 1376 3674 τῷ
1398 3591 1505 3675 κυρίῳ

284 3775 329 3830 21
344 3775 399 3844 νηί
418 3775 497 3832 Ρτοτ.
515 3777 574 3836 8.9
650 3779 670 3832 θ
689 3773 1049 3846 ταθεοποιαυμένοιςτςί.
1067 3771 1387 3840 Ριαίι,114,ία.ι8δ
1464 3769 1510 3826 M

200 3857 255 3928 νηί.
273 3857 372 3914 δίτοτα.
392 3859 428 3914 Vl
445 3861 488 3926 61,
504 3861 521 3916 2
600 3861 638 3916 14
657 3861 711 3932 ng
734 3859 1195 3932 sntzmp.Adv.uath.1x124
1213 3855 1326 3926 δσιδτης
1342 3853 1506 3924 δικαιοσύνη

199 3941 272 4014 πρός
288 3941 354 4009 τούς
370 3941 463 4010 θεούς.
545 3945 656 4000 15-17
676 3951 717 4016 τῷ
733 3946 831 4020 τελείιμ
849 3942 1114 4014 σία-δικαιοσύνη
1131 3943 1207 3998 θαατ.
1225 3941 1286 3996 Par.
1304 3943 1355 3996 269
1372 3939 1438 3994 noll

200 4027 310 4083 ao-S.
323 4029 423 4094 4οῌ
443 4027 499 4098 vgl.
515 4027 647 4098 Tryphon
670 4031 736 4100 περί
752 4029 869 4102 τρδπονν
886 4029 961 4098 [vm
980 4047 1005 4100 p.
1024 4031 1088 4092 750.
1105 4029 1154 4084 off
1169 4025 1259 4094 thz)
1277 4025 1428 4096 παραβολή
1446 4019 1508 4080 ἐστι

198 4111 285 4182 λδγος
309 4109 356 4170 διὰ
381 4109 570 4186 παραθέσεως
591 4109 695 4182 δμοίσυ
718 4113 889 4186 πράγματος
910 4114 944 4172 τό
966 4109 1158 4182 ὑποκείμενον
1179 4101 1241 4178 μετ’
1258 4105 1404 4182 ἐνεργείας
1425 4126 1506 4178 παρτ·

200 4213 318 4252 σταναν.

284 4365 303 4422 4
321 4365 399 4434 (τήν)
418 4364 465 4420 Mt
536 4365 550 4422 λ
570 4365 730 4436 παρουσίαν
742 4365 951 4440 παραδιδομένη
964 4367 999 4436 Sy
1017 4365 1159 4436 παρουσία
1171 4359 1399 4436 παραδεδομένην
1417 4361 1439 4416 b

201 4447 357 4520 11[τέ]8ί
424 4445 552 4520 σύτήςθί
568 4445 708 4518 ἐαντήςίι
779 4451 816 4506 14
834 4449 982 4518 ηδέ>8οίεπ
1052 4451 1103 4518 τήν
1121 4445 1300 4518 δσιδτηταθί
1317 4452 1362 4516 τήι
1380 4443 1507 4514 δσιδτηιι

200 4533 220 4588 Ι.
304 4533 341 4591 15
364 4533 516 4606 συμβόλοις
533 4533 605 4588 θαατ.
628 4533 689 4588 Pu.
774 4535 814 4590 20
836 4529 907 4600 (δτι)
926 4534 957 4588 θλ
985 4529 1072 4602 ἐπεί)
1091 4533 1139 4590 Ma
1222 4534 1259 4590 λλ
1286 4529 1399 4606 ἀρετήν]
1422 4525 1506 4586 ἀσθέ-

199 4633 278 4674 νειαν
299 4617 366 4675 οδατ
388 4615 598 4688 δνθρινπδτητα
622 4617 669 4672 Μαι
748 4619 787 4675 28
809 4619 920 4686 κόσμου
941 4619 986 4686 (ου
1004 4617 1033 4672 ἰιι
1050 4617 1124 4686 Ru.)
1143 4617 1175 4672 λθ
1256 4617 1296 4674 20
1317 4614 1439 4686 κδαμον]
1462 4613 1506 4670 otv-

199 4701 289 4776 ρανδν
305 4699 395 4772 noym
