3772 5532
654 555 1216 628 Qmummffimm
1525 565 1583 628 m

278 747 340 792 νυν
362 723 499 809 ἐμπαθῆ
520 715 726 807 ποιήσαντες
748 715 794 790 δι’
816 715 1009 807 ἐκπλήξεως
1031 717 1095 790 τὸν
1116 725 1275 808 μέγιστον
1296 715 1451 806 καὶπρὸς
1467 713 1584 790 αὐτῶν

278 815 532 909 ἄνυμνούμενον
558 817 643 889 θεὸν
668 825 723 888 καλ
744 815 812 906 πρό
835 845 871 906 γε
894 823 955 908 τῆς
976 814 1170 908 ἐκπλήξεως
1192 821 1228 888 ἐν
1250 813 1368 909 ἄγνοίᾳ
1392 813 1583 908 γενόμενον.

278 923 306 990 εί
328 917 369 1008 δὴ
392 916 511 1008 ἄγνοια
532 921 744 1006 προκατῆρξε
767 923 827 1006 τῆς
849 914 1054 1008 ἐκπλήξεως,
1082 911 1103 1006 r}
1125 911 1157 986 δ’
1181 917 1339 1005 ἔκπληξις
1361 925 1416 988 καί
1437 913 1456 988 ὁ
1477 917 1620 1004 φόβοςσ

276 1016 362 1108 ἄρχῆ
390 1025 511 1104 σοφίας
538 1012 667 1104 [φόβος]
696 1022 757 1088 τοῦ
783 1021 868 1088 θεοῦ
894 1021 1082 1106 γεγένηται,
1113 1015 1295 1088 κινδυνεύει
1319 1023 1380 1106 τῆς
1403 1045 1439 1088 τε
1462 1027 1583 1106 σοφίας

245 1123 341 1188 υτοῦ
371 1123 456 1188 θεοῦ
486 1123 541 1188 καλ
572 1122 632 1206 τῆς
657 1123 881 1205 κοσμοποιίας
902 1111 1045 1206 άπᾶσης,
1077 1111 1165 1188 ἄλλᾶ
1187 1124 1242 1188 καί
1266 1123 1326 1202 τῆς
1348 1114 1584 1190 ἀποκαταστά-

277 1243 364 1298 σεως
394 1213 499 1306 αύτῆς
529 1223 591 1306 τῆς
621 1219 762 1304 ἐκλογῆς
793 1213 913 1302 ἄγνοια
937 1214 1186 1304 προκατάρχειν
1209 1221 1387 1300 αίτιωδώς.
1435 1214 1584 1306 πότερον
1603 1231 1679 1298 θθ,1

278 1308 342 1388 οῦν
371 1321 445 1386 τών
474 1323 594 1388 καλοῦν
620 1311 641 1404 ῆ
669 1313 811 1402 φαύλων
838 1309 857 1403 ἡ
885 1313 1019 1403 ἄγνοια,·
1050 1311 1128 1388 ἄλλ’
1150 1321 1179 1386 εί
1204 1321 1266 1404 μὲν
1294 1324 1366 1388 τών
1388 1325 1519 1395 καλῶν,
1552 1327 1585 1390 τί

278 1413 422 1488 παύεται
452 1411 623 1504 ἐκπλήξει,·
652 1421 706 1486 καί
737 1419 894 1502 παρέλκει
922 1409 941 1485 ό
968 1413 1125 1496 διάκονος
1156 1411 1272 1499 αύτοίς
1293 1423 1348 1486 καὶ
1370 1413 1411 1486 τό
1433 1414 1583 1506 κήρυγμα

278 1521 333 1588 καλ
366 1513 407 1586 τὸ
437 1510 615 1600 βάπτισμα.
658 1519 687 1586 εί
713 1519 747 1585 δέ
775 1521 848 1584 τών
874 1512 1031 1602 φαύλων,
1061 1522 1136 1596 πώς
1162 1521 1236 1585 τών
1256 1523 1451 1588 καλλίστων
1473 1519 1584 1588 αἴτιον

229 1635 261 1690 10
279 1611 320 1684 τὸ
341 1609 464 1698 κακόν,·
494 1619 523 1686 εί
543 1615 588 1704 μὴ
611 1613 673 1704 γάρ
694 1619 912 1702 προϋπῆρχεν
934 1612 1064 1702 ἄγνοια,
1091 1609 1152 1684 ούκ
1175 1611 1218 1684 ἄν
1239 1609 1258 1686 ό
1281 1613 1439 1698 διάκονος
1460 1619 1621 1704 κατῆλθ

280 1725 358 1798 θεν,
390 1709 464 1785 οὐδ’
488 1711 531 1784 ἄν
553 1717 710 1803 ἔκπληξις
737 1713 803 1786 είλε
827 1711 891 1785 τὸν
908 1707 1087 1802 Ἄρχοντα,
1118 1709 1166 1796 ώς
1188 1709 1284 1786 αύτοί
1308 1721 1477 1804 λέγουσιν,
1507 1709 1582 1784 οὐδ’

281 1811 325 1884 ἄν
345 1809 452 1902 ἄρχὴν
473 1819 596 1900 σοφίας
618 1815 654 1883 ἐκ
677 1820 739 1886 τοῦ
761 1810 872 1900 φόβου
894 1817 1011 1898 ἔλαβεν
1037 1818 1083 1896 είς
1111 1811 1176 1902 τῆν
1198 1821 1442 1903 φυλοκρίνησιν
1464 1819 1526 1902 τῆς
1547 1841 1584 1884 τε

280 1916 421 2003 ἐκλογῆς
443 1921 517 1984 τών
539 1941 576 1985 τε
604 1919 784 2002 κοσμικών.
827 1918 856 1984 εί
878 1919 912 1986 δέ
935 1907 954 1984 ό
977 1910 1083 2000 φόβος
1106 1919 1169 1986 τοῦ
1190 1910 1363 2002 προόντος
1383 1909 1622 2002 Ἀνθρώπουθ

280 2012 480 2098 ἐπιβούλους
511 2019 574 2083 τοῦ
603 2017 768 2102 σφετέρου
797 2009 995 2102 πλάσματος
1025 2019 1188 2102 πεποίηκε
1219 2013 1300 2094 τοῦς
1331 2009 1505 2102 ἄγγέλους.
1537 2008 1585 2094 ώς

230 2131 262 2184 15
280 2115 498 2202 ἐνιδρυμένον
524 2119 575 2202 τῷ
603 2110 866 2202 δημιουργήματι
893 2109 1044 2198 ἄοράτου
1065 2116 1127 2184 τοῦ
1149 2117 1338 2200 σπέρματος
1360 2117 1422 2202 τῆς
1447 2111 1587 2182 ἄνωθεν

281 2207 407 2296 ούοίας,
439 2207 460 2300 ἢ
491 2207 659 2302 ῦπολῆφει
689 2219 769 2300 κενῇ
799 2209 1057 2300 πορεζὴλωσαν,
1093 2205 1176 2298 ὅπερ
1207 2207 1395 2292 ἄπίθανον,
1427 2207 1587 2300 ἄγγε’λους

281 2319 496 2402 δημιουργίας
524 2303 562 2400 ῆς
588 2307 837 2400 ἐπιστεύθησαν
864 2309 939 2382 οίον
965 2317 1089 2384 τέκνου
1116 2311 1208 2394 τινός
1229 2307 1398 2396 αῦθέντας
1421 2319 1586 2402 γενέσθαι,

281 2409 423 2499 ἄγνοιαν
444 2417 557 2483 πᾶσαν
577 2417 888 2500 κατεγνωσμένους·
912 2407 933 2500 ἢ
955 2410 1147 2500 προγνώσει
1169 2407 1359 2500 ἐνεχόμενον
1380 2418 1623 2500 κεκίνηνται,λ

281 2505 358 2582 ἄλλ’
382 2506 443 2582 οῦκ
466 2506 508 2582 ἄν
530 2507 774 2594 ἐπεβούλευσαν
797 2506 841 2582 δι’
865 2501 906 2580 οῦ
930 2515 1160 2599 ἐπεχείρησαν,
1192 2501 1479 2600 ώκροέγνωσαν,
1511 2503 1584 2580 οὐδ’

229 2629 263 2684 20
282 2605 324 2682 ἄν
353 2606 613 2700 κατεπλάγησαν
644 2609 683 2682 τό
715 2613 815 2698 ἔργον
842 2608 882 2680 τό
914 2605 1040 2690 αύτών,
1067 2613 1104 2680 ἐκ
1130 2610 1357 2698 προγνώσεως
1379 2607 1419 2680 τὸ
1447 2607 1586 2678 ἄνωθεν

280 2715 410 2798 σπέρμα
432 2705 645 2798 νενοηκότος·
677 2703 698 2798 ἢ
721 2709 761 2780 τὸ
789 2720 985 2782 τελευταῖον
1012 2709 1132 2798 γνώσει
1154 2705 1362 2792 πεποιθότες
1384 2703 1586 2797 ἐτόλμησαν·
1606 2723 1624 2779 5

280 2801 376 2880 ἄκαλ
399 2804 483 2878 αύτὸ
507 2805 692 2894 ἄδύνατον,
713 2807 890 2897 μαθόντας
918 2805 958 2880 τὸ
985 2813 1149 2896 διαφέρον
1172 2807 1212 2880 τὸ
1235 2812 1273 2880 ἐν
1294 2808 1497 2898 πληρώματι
1518 2803 1587 2876 Ἀν-

280 2907 413 2998 θρώπῳ
441 2905 682 2994 ἐπιβουλεύειν,
712 2909 763 2980 ἔτι
788 2916 844 2980 κοί
871 2909 912 2980 τῦ
944 2903 1040 2980 »κατ’
1064 2903 1213 2992 ἐίκόναι,
1245 2911 1282 2978 ἐν
1305 2899 1334 2998 ᾧ
1356 2915 1411 2980 καὶ
1434 2905 1474 2978 τὸ
1496 2903 1587 2994 ἄρχέ-

281 3015 392 3080 τούτου
413 3013 468 3078 καλ
490 3005 531 3078 τὸ
555 3007 617 3079 σύν
639 3015 681 3096 τῇ
702 3007 824 3098 γνώσει
847 3015 889 3098 τῆ
911 3015 1014 3097 λοιπῇ
1037 3007 1224 3096 ἄφθαρτον
1245 3005 1506 3096 παρειλήφεσαν.

227 3143 263 3198 λυ
368 3121 506 3206 Τούτοις
537 3153 574 3194 τε
605 3115 666 3196 οῦν
697 3119 811 3206 αύτοίς
841 3131 896 3196 καί
928 3125 1054 3212 ἐτέροις
1081 3127 1160 3208 τισί,
1194 3121 1340 3212 μάλιστα
1366 3129 1402 3194 δέ
1425 3141 1497 3204 τοις
1519 3117 1586 3193 άπὸ
1605 3141 1683 3205 am

281 3230 487 3312 Μαρκίωνος
509 3227 612 3315 ἐμβοᾷ
638 3219 700 3295 ούκ
726 3227 901 3298 ἐπαΐουσιν
928 3220 948 3314 ῆ
976 3221 1099 3314 γραφή·
1131 3217 1168 3296 εδ
1191 3227 1226 3295 δέ
1249 3227 1331 3312 ἐμοῦ
1351 3219 1488 3294 ἄκούων
1509 3217 1587 3293 ἄνα-

280 3320 445 3414 παήσεται
475 3317 531 3394 ἐπ’
554 3318 687 3412 είρήνης
716 3325 911 3408 πεποιθώς,
941 3331 997 3394 καὶ
1023 3319 1178 3412 ῆσυχάσει
1206 3317 1346 3408 ἄφόβως
1367 3318 1436 3394 άπὸ
1458 3319 1588 3402 παντὸς

280 3428 412 3494 κακοῦπ
468 3429 501 3492 τί
540 3427 660 3492 τοίνυν
703 3421 767 3495 τόν
806 3420 913 3511 νόμον
953 3421 1159 3507 βούλονται,·
1202 3421 1309 3494 κακὸν
1349 3427 1410 3508 μὲν
1445 3412 1507 3494 οῦν
1548 3415 1625 3492 ούθ

281 3520 439 3612 φῆσουσι,
466 3527 597 3592 δίκαιον
628 3527 677 3601 δέ,
708 3529 964 3604 διαστέλλοντες
995 3521 1035 3594 τὸ
1063 3519 1196 3610 ἄγαθόν
1228 3527 1290 3592 τοῦ
1320 3525 1459 3592 δικαίου.
1501 3513 1520 3588 δ
1553 3523 1626 3594 δἐο

230 3637 265 3692 ³0
281 3619 395 3710 κύριος
426 3629 606 3708 φοβεῖσθαι
636 3619 676 3692 τό
707 3620 814 3692 κακόν
843 3617 1073 3710 προστάττων
1099 3616 1140 3692 ου’
1165 3627 1259 3710 κακῷ
1287 3617 1328 3690 τό
1353 3618 1460 3692 κακὸν
1482 3613 1588 3688 άπαλ-

282 3717 408 3804 λᾶττει,
433 3727 482 3810 τῷ
506 3727 541 3792 δὲ
563 3725 710 3810 ἐναντίῳ
733 3721 774 3793 τὸ
796 3725 956 3794 ἐναντίον
977 3719 1144 3792 καταλύει
1173 3715 1295 3810 ἄγαθῷ
1319 3725 1354 3789 δὲ
1371 3716 1478 3790 κακὸν
1493 3721 1588 3788 ἐναν-

283 3828 373 3908 τίον,
412 3820 462 3904 ώς
505 3827 636 3893 δίκαιον
679 3813 793 3910 ἄδίκῳ.
845 3825 874 3892 εί
913 3829 1032 3892 τοίνυν
1070 3826 1187 3892 κακῶν
1228 3815 1362 3908 ἄποχῆν
1404 3815 1550 3904 ἄφοβίαυ
1584 3831 1627 3886 ,4

367 4071 1318 4146 wmmmffimwwmmmms

370 4289 1588 4367 mminfflwwhssfflfflwfflmm}

283 4381 329 4436 λίε
407 4379 581 4446 θαίτιωδῶς
598 4381 646 4436 Ma
663 4375 834 4450 αίτιᾶιδηςίι
916 4382 1048 4436 ίκαλῦιν
1065 4379 1131 4436 ub
1211 4379 1249 4434 15
1267 4373 1395 4448 ἄορᾶτου
1413 4379 1458 4442 (ου
1475 4373 1589 4430 ἱαίὶοε.)

281 4465 316 4522 L¹
335 4463 467 4536 ἀοράτως
485 4465 532 4522 Wi
616 4465 686 4536 [τοῦ]
713 4465 759 4520 Mn
841 4466 878 4522 21
902 4463 1092 4521 τελειτέονίι
1173 4463 1212 4520 22
1237 4459 1387 4531 μαθόντας
1410 4461 1457 4516 Mu
1481 4459 1590 4528 μαθδν-

281 4551 367 4616 τεςίι
447 4551 486 4608 24
511 4547 546 4608 εδ
564 4549 597 4604 θλ
622 4545 679 4606 &L
758 4549 851 4620 λοιπῇ]
877 4541 914 4616 ,τ’
925 4545 958 4605 ἐκ
972 4553 1044 4620 λογῇ
1062 4547 1141 4602 Sehw
1227 4548 1266 4602 26
1287 4543 1379 4622 ἐμβοᾷ
1397 4545 1433 4614 Sy
1452 4541 1591 4616 ἐκβοᾶιίι

322 4633 362 4692 28
394 4627 490 4702 ,εἶναη
512 4633 664 4708 βούλονται
688 4637 718 4690 st
748 4633 916 4706 βούλεσθαι
947 4629 1078 4700 οί>ονται
1105 4633 1243 4701 Βγαοέοτ,
1275 4631 1368 4686 Journ.
1396 4629 1428 4686 οί
1451 4627 1551 4684 Philol.
1574 4633 1592 4684 4

282 4721 370 4790 (1872)
393 4719 489 4776 &208
507 4719 563 4792 vgl.
580 4719 606 4774 S.
626 4721 682 4788 135,
700 4719 753 4776 211
831 4709 901 4788 [οῦν]
922 4717 968 4772 Wi
1050 4716 1088 4774 ⁸2
1112 4715 1224 4786 ἀποχῆν
1242 4716 1332 4784 Ηογεε
1350 4713 1479 4786 ἄρχῆνίι
