3760 5534
598 531 737 588 suom
753 531 799 584 111.
823 529 888 602 cap.
900 527 998 588 xvm.
1017 533 1074 598 τοι,
1086 531 1195 596 ι-ιιο,
1208 533 1232 588 ε.
1504 539 1563 600 247

260 699 307 778 είς
343 693 384 766 τὸ
420 693 589 814 ἐξώτερον
624 689 747 776 σκότος
783 687 985 782 ὁδοιπορίαν
1021 697 1276 784 ἐπανῃρημένοι.
1335 693 1393 768 »τό
1430 691 1564 774 λοιπόν,
1582 705 1602 763 ⁸

260 789 414 880 όδελφοί,
437 789 499 864 ὅσα
521 787 645 883 όληθή,
669 785 730 864 όσα
752 789 864 882 σεμνά,
887 787 950 864 όσα
966 787 1129 876 δίκαια,”
1110 817 1172 866 οσα
1187 788 1282 882 όγνό,
1305 787 1565 884 όσαπροσφιλή,

260 885 323 964 όσα
345 883 486 982 εὔφημα,
518 895 549 962 εί
570 920 620 974 τις
641 887 744 982 ἀρετή
765 899 820 964 καί
843 895 873 963 εί
893 921 945 976 τις
968 897 1118 975 ἔπαινος,
1150 898 1259 964 ταῦτα
1280 901 1467 983 λογίζεσθε·
1504 885 1565 964 όσα

259 997 315 1064 καί
337 988 479 1080 ἐμάθετε
504 987 545 1080 [3]
567 999 621 1064 καί
644 989 851 1080 παρελάβετε
868 993 961 1063 zat·
946 990 1111 1082 ηκοόσατε
1126 1001 1181 1064 καί
1200 996 1288 1064 ίδετε
1303 995 1340 1066 ἐν
1354 995 1436 1082 ἐμοί,
1459 997 1566 1064 ταῦτα

225 1087 439 1180 σπρόσσετε·
471 1085 566 1163 καίι
548 1121 567 1162 ο
589 1089 672 1174 θεὸς
692 1097 754 1180 τῆς
776 1089 949 1215 εἰρήνης
933 1115 1025 1162 εσται
1046 1087 1127 1181 μεθ’
1149 1087 1271 1180 όμῶν.ι
1316 1085 1413 1163 καί(
1394 1121 1413 1162 ο
1436 1097 1566 1180 Πέτρος
1584 1103 1681 1168 11θ,1

260 1195 297 1264 ἐν
319 1219 361 1280 τη
346 1194 545 1280 ’ἐπιστολῇ
567 1189 610 1262 τὰ
633 1183 734 1280 ὅμοια
760 1197 859 1280 λέγει·
899 1187 1006 1262 »ὥστε
1029 1189 1093 1280 τήν
1114 1187 1272 1264 πίστιν“
1252 1198 1349 1280 υμῶν
1369 1199 1424 1262 καί
1446 1195 1566 1262 ἐλπίδα

260 1291 346 1362 είναι
378 1295 424 1374 είς
454 1286 549 1374 θεόν,
580 1289 642 1372 τὰς
667 1287 776 1378 ψυχὰς
802 1285 897 1380 δμῶν
923 1286 1098 1380 ἡγνικότες
1124 1295 1161 1364 ἐν
1183 1299 1226 1380 τῇ
1247 1288 1380 1380 ὑπακοή
1403 1297 1464 1380 τῆς
1485 1285 1566 1378 όλη·

260 1397 364 1472 θείας,
387 1387 436 1474 τός
457 1384 601 1460 τέκνας
580 1395 747 1478 νπακοῆς,
770 1387 815 1478 μή
829 1387 1155 1512 συσχηματιζόμενοι
1177 1409 1251 1474 ταις
1271 1387 1442 1512 πρότερον
1463 1393 1502 1460 ἐν
1523 1395 1602 1478 τήθ

259 1485 422 1582 όγνοίᾳ“
402 1495 499 1580 υμῶν
521 1493 725 1578 ἐπιθυμίαις,
756 1485 843 1562 ἄλλό
869 1487 956 1561 κατὰ
984 1487 1048 1562 τόν
1073 1485 1305 1564 καλέσαντα(
1286 1495 1369 1577 υμᾶς
1391 1483 1490 1578 όγιον
1510 1495 1566 1560 καί

211 1605 243 1660 10
260 1585 357 1660 αὐτοὶ
388 1581 477 1678 όγιοι
502 1591 539 1659 ἐν
564 1584 656 1676 πόση
687 1583 886 1678 ἀναστροφή
917 1587 1099 1680 γενήθητε,
1127 1587 1215 1662 διότι
1238 1595 1435 1678 γέγραπται·
1463 1579 1566 1677 »όγιοι

259 1691 384 1770 ἔσεσθε,
406 1685 494 1760 διότι
515 1679 627 1776 ἐγώ”
606 1715 709 1778 αγιος.
710 1717 739 1752 «ι

341 1861 440 1942 Ἀλλὰ
462 1867 524 1958 γὰρ
545 1874 632 1956 πέρα
655 1875 718 1940 τοῦ
739 1875 878 1954 δέοντος
894 1867 914 1962 ή
928 1869 1015 1960 πρὸς
1037 1869 1118 1953 τοὺς
1141 1867 1383 1960 ιρενδοινδμονς
1405 1875 1466 1958 τῆς
1481 1869 1603 1958 γνῶ-8

259 1991 345 2050 σεως
375 1963 561 2056 όπσκριτίις
590 1965 755 2058 όναγκαία
785 1977 948 2062 γενομένη
979 1967 1151 2062 ἀπήγαγεν
1182 1965 1266 2059 ήμᾶς
1291 1977 1347 2040 καί
1370 1975 1416 2052 είς
1436 1967 1567 2058 μακρὸν

259 2073 400 2154 ἐξέτεινε
432 2067 495 2140 τόν
526 2064 631 2158 λόγον
660 2065 845 2159 όντιλογία.
888 2063 973 2142 ὅθεν
1004 2079 1060 2142 καὶ
1086 2065 1105 2142 ό
1127 2077 1244 2158 τρίτος
1276 2063 1353 2158 ήμίν
1381 2075 1454 2140 τῶν
1479 2067 1567 2140 κατὰ

209 2185 242 2238 15
260 2165 326 2256 τήν
347 2161 461 2256 όληθή
484 2173 693 2254 φιλοσοφίαν
715 2175 917 2258 γνωστικῶν
939 2165 1196 2260 ὑπομνημάτων
1212 2167 1439 2258 Στριομοτεὺς
1461 2174 1567 2242 τοῦτο

260 2269 325 2356 ἔχει
348 2263 388 2338 τό
410 2273 522 2356 πέρας.
541 2273 546 2356 1

344 2471 359 2526 1
385 2469 439 2540 ιρι.
459 2470 557 2528 nauh.
574 2473 603 2536 ε,
623 2471 668 2534 12;
694 2473 736 2538 22,
755 2473 798 2536 ιτς
826 2473 866 2538 ιε,
886 2473 920 2528 το
1002 2471 1073 2528 ι-ι
1096 2471 1166 2526 Phil.
1185 2475 1210 2536 ι,
1227 2471 1268 2528 ει
1346 2471 1438 2526 τ-ιι
1464 2471 1475 2524 1
1494 2469 1566 2525 νεε.

259 2555 594 2626 ιμ-ετιιιιισρσ
614 2555 1019 2624 ιεν.ιι,,ιιιο,ε·νο,η

344 2737 806 2814 4[ίί]8ί(ιιίε1ἐιτεισίοτιιίίσα)
875 2739 1124 2820 θέγνοίαΙΡείτ.
1137 2739 1271 2818 ἁγνείαΙι
1342 2741 1405 2798 m
1419 2703 1477 2811 όπή
1462 2743 1567 2812 ήγαγεν

258 2871 333 2940 ημᾶς
357 2873 405 2928 καί
432 2823 472 2938 τίς
496 2873 610 2946 μακρδν
632 2868 750 2939 ἐξέτεινε
773 2871 933 2944 τὸνλόγον
956 2870 1103 2944 ἀντιλογία
1127 2873 1155 2942 (α
1173 2876 1193 2944 β
1209 2891 1227 2942 γ
1245 2871 1289 2926 ub
1308 2871 1379 2927 32.
1397 2889 1451 2928 von
1469 2871 1514 2940 λθ)

343 3059 523 3132 Subscriptio:
551 3077 668 3134 στρωμα
689 3081 722 3132 γε
742 3091 774 3102 -
