3760 5534
626 537 765 594 strom
783 537 828 590 lv.
851 534 915 610 (δερ.
929 537 975 592 111.
993 537 1018 602 θ,
1031 537 1122 602 1-12,
1135 539 1159 592 5.
1485 543 1545 608 253

237 697 356 790 πὴσεις
375 697 494 788 κόριον
518 695 686 772 τὸνθεόν
709 723 786 772 σουι
812 703 916 790 φησίν
945 703 998 787 »ἐξ
1020 691 1102 788 όλης
1123 703 1262 788 καρδίας
1283 723 1359 782 σου,
1390 703 1445 772 καί
1468 695 1545 790 ἀγα·

237 798 354 889 πὴσεις
376 799 440 872 τὸν
461 806 608 890 πλησίον
629 821 691 872 σου
714 795 761 884 οῦς
783 795 953 872 σεαυτόνπ
993 801 1021 872 εί
1043 797 1083 890 δὴ
1107 793 1126 868 ό
1149 797 1212 870 τὸν
1233 805 1381 888 πλησίον
1400 793 1546 888 ἀγαπῶν

238 897 345 972 κακόν
376 895 439 972 οῦκ
469 899 642 988 ἐργάζεται
671 905 727 972 καί
756 903 848 972 πᾶσα
874 897 999 988 ἐντολὴ
1026 901 1063 970 ἐν
1085 895 1201 986 τούτῳ
1224 893 1544 986 ἀνακεφαλαιοῦται,

240 1005 291 1088 τῷ
314 995 450 1088 ἀγαπᾶν
476 997 540 1069 τόν
565 1005 720 1086 πλησίον,
752 1001 786 1070 αί
809 995 872 1070 τόν
894 995 1006 1086 φόβον
1026 1001 1224 1084 ἐπαρτῶσαι
1243 1001 1380 1070 ἐντολαί
1403 995 1546 1088 ἀγάπην,

204 1095 280 1174 δοῦ
300 1117 396 1190 μίσος
417 1095 730 1184 κατασκευάζουσιν.
773 1089 900 1170 οῦκουν
921 1092 1037 1178 πάθος
1059 1089 1078 1166 ό
1099 1093 1206 1183 φόβος
1222 1089 1293 1186 (οῦ>
1309 1096 1505 1188 γεννητικὸς
1527 1091 1546 1170 ό
1566 1111 1642 1176 11,1

241 1195 352 1290 νόμος.
400 1195 507 1270 »ὥστε
529 1191 548 1268 ό
571 1193 674 1288 νόμος
696 1187 807 1288 άγιοςι
832 1201 886 1268 καί
909 1203 961 1290 τῷ
985 1188 1060 1266 ὄντι
1082 1193 1343 1286 τπνενματικόςι
1368 1201 1439 1270 ἐστι
1460 1195 1547 1268 κατὰ

240 1297 303 1370 τὸν
330 1293 535 1370 ἀπόστολον.
578 1301 629 1367 δει
653 1293 708 1388 δή,
739 1291 787 1380 ὥς
814 1299 915 1380 ἔοικε,
946 1291 1011 1386 τήν
1037 1323 1072 1386 γε
1096 1302 1159 1368 τοῦ
1189 1295 1347 1386 σώματος
1369 1293 1471 1382 φῦσιν
1492 1303 1584 1368 καλε

239 1395 305 1486 τὴν
327 1403 388 1488 τῆς
410 1403 518 1486 ψυχῆς
540 1393 660 1470 οδσίαν
680 1391 1078 1485 πολυπραγμονήσοντας
1096 1393 1137 1468 τὸ
1156 1395 1318 1484 ἑκατέρου
1333 1401 1430 1478 τέλος
1445 1423 1547 1466 κατα-

240 1503 402 1582 λαβέσθαι
423 1503 479 1568 καί
501 1495 546 1585 μὴ
569 1493 633 1568 τὸν
655 1491 812 1568 θάνατον
834 1491 986 1585 ἡγεῖσθαι
1008 1491 1128 1566 κακόν·
1163 1487 1237 1566 τότε
1261 1493 1324 1584 γάρ
1347 1499 1464 1566 δοῦλοι
1487 1483 1583 1582 ἦτεσ

189 1613 222 1668 10
240 1601 301 1685 τῆς
327 1591 523 1686 άμαρτίας,«
558 1601 660 1682 φησίν
687 1590 706 1666 ό
733 1591 941 1678 ἀπόστολος,
975 1591 1167 1682 »ἐλεύθεροι
1194 1585 1251 1684 ἦτε
1279 1601 1322 1684 τῇ
1345 1589 1547 1680 δικαιοσύνη.

240 1702 318 1766 τίνα
340 1687 403 1766 οῦν
424 1695 558 1783 καρπόν
580 1697 683 1782 είχετε
704 1693 800 1779 τότε;
821 1689 878 1781 ἐφ’
898 1691 950 1776 οίς
965 1699 1028 1766 νῦν
1041 1693 1291 1782 ἐπαισχύνεσθε·
1314 1691 1355 1764 τό
1371 1693 1433 1782 γάρ
1448 1697 1548 1774 τέλος

240 1797 382 1866 ἐκείνων
403 1791 567 1878 θάνατος.
604 1799 665 1867 νῦν
687 1799 722 1864 δέ
745 1799 1038 1882 ἐλευθερωθέντες
1053 1787 1122 1866 ἀπὸ
1145 1798 1206 1884 τῆς
1227 1787 1398 1882 άμαρτίας,
1421 1799 1548 1864 δουλιο-

241 1899 361 1978 θέντες
391 1899 425 1966 δέ
457 1900 508 1984 τῷ
539 1899 623 1985 θεῷ,
654 1895 744 1982 ἔχετε
775 1889 840 1964 τὸν
869 1891 1002 1980 καρπὸν
1032 1887 1130 1982 ῦμῶν
1159 1898 1205 1975 είς
1235 1887 1407 1982 άγιασμάν,
1439 1889 1480 1962 τό
1511 1897 1547 1962 δὲ

242 1998 340 2078 τέλος
371 1992 464 2084 ζωὴν
494 1991 644 2068 αίεόνιον.
687 1993 732 2064 τά
760 1989 824 2084 γάρ
855 1987 990 2078 ἀφάνια
1020 1999 1081 2082 τῆς
1112 1985 1276 2082 άμαρτίας
1307 1987 1475 2074 θάνατος,
1506 1987 1547 2062 τό

191 2109 223 2164 1⁶
241 2097 276 2212 δὲ
307 2089 450 2184 χάρισμα
481 2099 545 2164 τοῦ
580 2099 664 2164 θεοῦ
699 2090 769 2182 ζωὴ
805 2089 945 2176 αίαόνιος
975 2095 1012 2162 ἐν
1044 2097 1185 2182 Χριστῷ
1214 2085 1319 2182 Ἰησοῦ
1355 2096 1407 2182 τῷ
1441 2094 1547 2180 κυρίῳ

242 2219 364 2282 'mmm

327 2289 521 2364 Κινδυνεῦει
537 2295 655 2364 τοίνυν
677 2295 845 2380 δεδεῖχθαι
867 2287 1018 2374 θάνατος
1039 2297 1101 2380 μὲν
1122 2291 1206 2362 εἶναι
1227 2285 1247 2380 ἦ
1267 2294 1304 2362 ἐν
1325 2287 1643 2379 oduntem-121

243 2399 351 2462 νοονία
374 2395 434 2481 τῆς
456 2396 564 2482 φυχῆς
586 2385 815 2482 άμαρτητικῆς
837 2383 953 2480 οῦσης,
983 2389 1052 2480 ζωὴ
1075 2395 1110 2462 δέ
1133 2385 1152 2460 ό
1172 2387 1340 2480 χωρισμὸς
1363 2395 1424 2480 τῆς
1445 2383 1547 2478 ἀμαρ-

243 2497 324 2572 τίας.
360 2497 483 2562 πολλοὶ
506 2497 542 2562 δὲ
564 2493 596 2562 οί
618 2494 656 2561 ἐν
677 2495 757 2562 ποσί
778 2487 920 2580 χάρακος
940 2495 995 2560 καί
1019 2485 1145 2578 τάφροι
1167 2493 1228 2578 τῆς
1245 2493 1425 2578 ἐπιθυμίας
1448 2484 1491 2558 τά
1511 2514 1547 2560 τε
1565 2501 1583 2556 2

191 2613 225 2668 20
243 2583 344 2680 ἀργῆς
365 2597 421 2661 καί
443 2595 555 2677 θυμοῦ
576 2585 739 2678 βάραθρα,
762 2585 783 2658 ἀ
806 2594 974 2677 διαπηδᾶν
994 2583 1123 2678 ἀνάγκη
1145 2595 1199 2662 καί
1213 2595 1326 2662 πᾶσαν
1341 2585 1547 2677 ἀποφεύγειν

242 2689 308 2780 τὴν
330 2696 402 2760 τῶν
423 2693 615 2774 ἐπιβουλῶν
635 2685 824 2778 ἀνασκευὴν
846 2687 909 2761 τὸν
930 2695 1049 2778 μηκέτι
1076 2682 1140 2758 »δι’
1162 2683 1349 2776 ἐσόπτρουι
1375 2685 1440 2778 τὴν
1459 2692 1546 2776 γνῶ·

242 2813 296 2860 σιν
318 2795 381 2860 τοῦ
402 2795 487 2862 θεοῦ
509 2783 761 2878 κατοψόμενον·

453 2953 552 3046 ἥμισυ
573 2953 635 3044 γάρ
658 2951 692 3028 τ’
715 2951 836 3046 ἀρετῆς
859 2951 1063 3027 ἀποαίνυται
1082 2951 1232 3042 εῦρῦοπα
1256 2951 1338 3036 Ζεῦς
1565 2969 1585 3026 ⁸

454 3053 582 3143 ἀνέρος,
605 3048 677 3128 εὖτ’
700 3053 743 3126 ἀν
764 3083 822 3146 μιν
843 3051 930 3124 κατά
953 3051 1093 3126 δούλιον
1115 3045 1201 3142 ἦμαρ
1224 3055 1324 3142 ίλησι.

191 3245 226 3298 2ο
243 3221 386 3306 δούλους
408 3227 442 3292 δὲ
465 3219 545 3302 τοῦς
566 3217 633 3291 ῦπό
655 3215 821 3310 άμαρτίαν
841 3225 898 3290 καί
920 3237 993 3301 ταῖς
1015 3214 1191 3309 ἀμαρτίάις
1204 3223 1451 3308 πεπραμένους,
1468 3215 1586 3298 τοῦςλ

243 3318 448 3412 φιληδόνους
478 3327 533 3392 καί
565 3317 827 3408 φιλοσωμάτους
854 3319 947 3390 οίδεν
968 3315 989 3408 ἦ
1012 3315 1138 3409 γραφή,
1168 3325 1225 3390 καί
1246 3324 1351 3406 θηρία
1372 3309 1548 3406 μᾶλλονῆ

242 3419 462 3510 ἀνθρώπους,
486 3419 566 3502 τοῦς
587 3424 891 3508 παρομσιιοθέντας
913 3435 986 3501 τοις
1004 3425 1009 3506 Ι
1027 3415 1175 3508 κτήνεσι,
1198 3425 1403 3506 θηλυμανεις
1425 3419 1548 3496 ἵππους
1565 3425 1650 3482 5691>

243 3527 298 3594 ἐπί
329 3521 390 3604 τάς
420 3527 495 3592 τῶν
524 3527 673 3608 πλησίον
701 3525 971 3606 χρεμετίζοντας·
1008 3511 1089 3600 ὄνος
1118 3514 1275 3606 ὑβριστὴς
1301 3510 1321 3586 ό
1347 3511 1547 3596 ἀκόλαστος,

243 3619 345 3703 λῦκος
375 3619 491 3710 ἀγριος
521 3611 539 3689 ό
570 3615 812 3699 πλεονεκτικός
841 3625 896 3688 καί
928 3609 1006 3702 ὄφις
1032 3611 1050 3686 ό
1077 3612 1247 3688 άπατειόν.
1290 3609 1450 3686 ότοίνυν
1480 3609 1585 3685 άπὸθ

192 3739 226 3792 30
243 3727 306 3792 τοῦ
336 3719 494 3810 σώματος
525 3724 585 3806 τῆς
616 3723 725 3806 ψυχῆς
754 3717 922 3806 χωρισμός
944 3711 963 3786 δ
984 3711 1068 3804 παρ’
1092 3709 1176 3786 ῦλον
1207 3713 1270 3786 τὸν
1300 3720 1375 3797 βίον
1404 3711 1548 3804 μελετώ-

328 3921 421 3992 οεςι.
439 3921 517 3976 οισι.
535 3923 559 3988 τ,
578 3921 618 3976 12.
638 3923 670 3974 τι
750 3921 844 3978 ο-ιι
863 3919 940 3974 στω.
958 3921 982 3986 ο,
994 3919 1096 3976 το-εε
1177 3919 1214 3974 τι
1235 3915 1499 3988 vgl.11(0r.13‚12

243 4007 455 4078 τετροττε
541 4003 780 4074 εειεςιοεω.
798 4007 827 4072 ε,
847 4006 887 4058 17.
905 4005 951 4066 αο;
978 4005 1002 4068 ι,
1020 4005 1053 4058 ιι
1143 4001 1206 4058 τοι
1230 4002 1285 4072 εςι.
1304 4000 1374 4056 m
1393 4001 1439 4064 ιο,
1458 3999 1498 4054 13.
1516 3999 1548 4052 τι

277 4092 314 4148 τι
327 4093 343 4148 ι
358 4092 414 4162 vgl.
432 4091 530 4146 serem.
549 4091 608 4156 σε
688 4089 789 4145 εει-ε.
803 4088 899 4152 τελε
922 4085 977 4156 vgl.
996 4085 1077 4142 εισι
1096 4085 1197 4141 Phaed.
1219 4105 1243 4156 p.
1262 4089 1294 4142 οι
1308 4085 1344 4152 n;
1362 4084 1431 4140 σου

328 4277 347 4332 ί»
370 4273 387 4332 δ
409 4275 499 4348 φδβος
523 4265 584 4344 χοῦ)
607 4273 673 4344 (ng.
692 4275 790 4328 strom.
808 4273 834 4326 11
851 4275 898 4336 λθ,
916 4273 941 4339 1)
960 4269 1048 4326 Ηίίίετ
1073 4277 1124 4330 τοῦ
1146 4269 1238 4341 φόβου
1256 4267 1277 4323 L
1303 4259 1338 4324 οῦ
1361 4267 1454 4340 φόβου
1472 4267 1550 4322 Schw

244 4359 398 4430 dmm>
426 4367 477 4418 τοῦ
503 4379 531 4430 φ.
554 4359 682 4428 Βγτταίετ
764 4354 927 4428 γεννητικὸς
950 4355 985 4410 vi
1011 4355 1202 4426 γενητικδςίι
1292 4353 1330 4410 ίίλ
1357 4369 1407 4408 τοι
1432 4347 1550 4420 ὑμῶν’.)

244 4445 355 4500 Βαοίιιί.
377 4445 487 4502 ποιαί.
569 4443 606 4500 14
634 4439 748 4514 δφώνια
771 4459 816 4498 am
840 4440 918 4496 nand
940 4439 974 4494 λθ
1058 4440 1093 4495 17
1119 4435 1159 4508 ἐν]
1184 4435 1329 4492 σύνθαίιττ
1412 4435 1452 4492 2⁸
1472 4427 1550 4490 z'vi

243 4529 337 4598 τῆςῙι
417 4529 456 4586 24
479 4527 666 4586 καταδοῦλιον
689 4524 765 4598 ἦμαρ
783 4521 899 4595 ἕληαιίι
985 4525 1024 4582 20
1046 4521 1325 4594 γραιμετίζονταςῑι
1406 4518 1474 4576 m
1492 4515 1550 4574 ἀπὸ

244 4609 451 4682 τοῦσώματος
477 4619 525 4684 της
551 4619 642 4682 ψυχῆς
664 4611 695 4668 θλ
720 4617 771 4668 τοῦ
794 4607 927 4678 σώματος
949 4605 1007 4664 ἀπὸ
1030 4615 1080 4677 τῆς
1098 4607 1226 4678 ψιλῆςίι
1250 4615 1298 4674 τῆς
1315 4611 1407 4676 ψυχῆς
1424 4601 1482 4662 ἀπὸ
1500 4611 1551 4660 τοῦ

245 4693 379 4764 σώματος
396 4697 496 4752 θοτὶεε
514 4715 546 4752 τα
564 4697 618 4751 Οἱς,
637 4697 671 4751 δε
689 4695 744 4750 div.
764 4695 773 4748 l
792 4697 827 4750 49
