3704 5530
454 599 593 656 stromata
606 599 650 652 Vl.
670 600 735 670 Cap.
747 597 832 652 xvn.
852 599 909 666 159,
921 599 1036 671 Β-Οειρ.
1050 597 1147 653 xvul.
1166 597 1224 666 162,
1236 601 1260 654 5.
1454 601 1514 662 515

207 769 365 848 τοιοῦτος
392 769 448 834 καί
478 757 497 835 ό
528 761 616 834 κατὰ
647 761 712 852 τήν
741 757 945 848 ἐπιφάνειαν
975 767 1037 832 τοῦ
1063 768 1182 850 κυρίου
1208 755 1345 848 τρόπος.
1392 751 1451 830 ότέ
1478 763 1551 829 δέθ

206 873 261 936 καί
283 861 371 934 κατά
395 861 455 946 τάς
481 867 633 944 ἐπινοίας
655 867 728 934 τῶν
749 857 1025 950 ἀνθρώπωνκαὶ
1045 861 1126 944 τοῦς
1145 859 1516 950 ἐπιλογισμοῦςέμπνεῖ

209 992 241 1034 τι
264 971 341 1050 [καὶ]
365 958 385 1054 ἦ
408 959 547 1053 δῦναμις
568 969 624 1032 καί
646 965 800 1050 ἐντίθησι
823 978 896 1045 ταῖς
918 969 1036 1050 φρεσίν
1057 959 1150 1050 ίσχῦν
1167 989 1204 1032 τε
1222 967 1278 1030 καί
1293 964 1514 1046 συναίσθησιν

207 1059 454 1152 ἀκριβεστέραν,
484 1068 586 1152 μένος
617 1090 654 1132 τε
683 1068 739 1133 καί
766 1057 894 1146 θάρσος
919 1069 1112 1151 προθυμίας
1139 1065 1195 1132 ίπί
1216 1088 1253 1132 τε
1278 1057 1338 1140 τάς
1361 1053 1514 1148 ζητήσεις

171 1168 262 1236 ῖιέπί
293 1191 330 1234 τε
361 1161 404 1234 τὰ
426 1165 506 1252 ἔργα
535 1166 735 1252 παρέχουσα.
779 1163 923 1232 ἔκκειται
954 1157 987 1232 δ’
1010 1153 1103 1250 ὅμως
1129 1165 1185 1232 καί
1211 1158 1298 1248 πρὸς
1318 1161 1454 1248 μίμησίν
1475 1171 1550 1226 τελ

207 1271 262 1334 καί
292 1267 492 1353 ἐξομοίωσιν
522 1257 600 1351 ἡμῖν
631 1257 809 1350 θαυμαστά
839 1266 891 1348 τῷ
923 1251 999 1330 ὄντι
1030 1267 1086 1330 καί
1116 1253 1194 1348 άγια
1224 1287 1267 1329 τα
1299 1287 1360 1348 της
1391 1284 1514 1346 αρετης

208 1358 436 1451 ὑποδείγματα
463 1359 517 1432 διά
540 1367 614 1432 τῶν
634 1355 939 1450 ἀναγεγραμμένων
959 1355 1127 1446 πράξεων.
1170 1365 1226 1432 καί
1247 1363 1309 1448 μέν
1331 1355 1372 1447 δή
1393 1363 1448 1428 καί
1471 1353 1550 1427 τόῖι

208 1467 268 1551 τής
298 1457 549 1550 πρ<οστ>ἀξεως
580 1461 667 1542 εἶδος
699 1465 956 1546 ἐμφανίστατον
986 1455 1041 1530 διά
1072 1487 1109 1530 τε
1141 1465 1215 1530 τῶν
1241 1463 1420 1545 διαθηκῶν
1441 1461 1514 1526 τῶν

207 1567 378 1648 κυριακῶν
405 1557 460 1631 διά
487 1587 524 1630 τε
551 1565 625 1630 τῶν
645 1555 725 1648 παρ’
740 1553 877 1647 Ἕλλησι
901 1555 1031 1649 νόμων,
1059 1555 1146 1632 ἀλλά
1167 1566 1224 1628 καί
1247 1565 1319 1628 τῶν
1340 1554 1427 1627 κατά
1450 1553 1516 1645 τήν

155 1681 189 1730 ιιι
208 1665 416 1746 φιλοσοφίαν
451 1665 746 1750 παρηγγελμένων.
793 1665 849 1728 καλ
884 1656 1064 1730 συνελόντι
1099 1655 1205 1747 φάναι
1240 1663 1331 1730 πάσα
1367 1653 1552 1743 ῶφέλειαθ

207 1758 350 1848 βιωτική
371 1759 459 1831 κατά
479 1765 539 1848 μὲν
562 1756 626 1829 τὸν
648 1753 820 1830 ἀνωτάτω
843 1753 949 1846 λόγον
970 1754 1038 1830 ἀπὸ
1060 1763 1122 1830 τοῦ
1135 1753 1416 1846 παντοκράτορος
1431 1760 1516 1826 θεοῦ

210 1865 270 1932 τοῦ
300 1855 445 1930 πάντων
477 1863 701 1948 ἐξηγουμένου
730 1857 862 1946 πατρὸς
893 1854 938 1929 δι’
963 1861 1039 1930 υίοῦ
1065 1861 1282 1938 ἐπιτελεῖται,
1314 1849 1353 1938 ῦς
1378 1861 1434 1926 καί
1461 1851 1515 1926 διά

210 1963 314 2030 τοῦτο
349 1957 481 2046 »σωτήρ
512 1951 655 2029 πάντων
685 1953 921 2046 ἀνθρώπωνι,
949 1963 1052 2046 φησίν
1079 1951 1328 2038 ῦάπόστολος,
1354 1951 1516 2044 »μάλιστα

208 2063 242 2126 δέ
278 2064 441 2139 πιστῶνι,
478 2055 566 2128 κατὰ
601 2063 636 2128 δὲ
674 2055 714 2128 τὸ
750 2063 910 2144 προσεχὲς
944 2053 1012 2127 ἀπὸ
1049 2063 1123 2128 τῶν
1153 2060 1331 2144 προσεχῶν
1363 2051 1516 2134 ἑκάστοις

156 2179 189 2230 1ο
207 2156 294 2228 κατά
323 2155 386 2246 τήν
414 2161 477 2228 τοῦ
503 2161 686 2244 προσεχοῦς
713 2162 765 2246 τῷ
791 2157 923 2246 πρώτῳ
950 2161 1049 2245 αίτίῳ
1077 2163 1196 2242 κυρίου
1222 2159 1374 2240 ἐπίταξίν
1402 2183 1439 2224 τε
1460 2159 1515 2224 καί

207 2252 402 2344 πρόσταξιν.

292 2375 407 2442 xvlll.
435 2365 466 2440 Ὀ
493 2367 682 2460 γνωστικός
709 2365 742 2440 δ’
766 2367 844 2460 ἡμῖν
867 2373 904 2440 ἐν
925 2391 998 2453 τοῖς
1019 2367 1243 2456 κυριωτάτοις
1265 2365 1316 2441 ἀεί
1337 2397 1423 2440 ποτε
1445 2373 1630 2448 dea-1621

210 2477 330 2558 τρίβει·
351 2475 380 2540 εί
402 2475 439 2540 δέ
459 2499 528 2542 που
549 2469 652 2560 σχολή
674 2477 730 2540 καί
749 2465 894 2552 ἀνέσεως
915 2469 1032 2558 καιρός
1054 2467 1121 2542 ἀπὸ
1145 2475 1217 2539 τῶν
1237 2473 1515 2557 προηγουμένων,

209 2563 285 2640 ἀντὶ
312 2575 374 2658 τῆς
400 2569 504 2658 ἀλλης
525 2571 692 2662 ῥᾳθυμίας
711 2577 766 2640 καί
789 2575 851 2658 τής
871 2563 1067 2658 Ἑλληνικῆς
1089 2565 1278 2656 ἐφάπτεται
1301 2575 1514 2655 φιλοσοφίας,

155 2697 190 2746 υιι
209 2668 284 2740 οίον
306 2667 498 2758 τρωγάλιόν
520 2699 553 2740 τι
575 2673 628 2740 ἐπί
653 2676 703 2760 τῷ
727 2675 854 2758 δείπνῳ
874 2669 1135 2760 παροψώμενος,
1158 2664 1200 2740 οῦ
1215 2675 1288 2738 τῶν
1303 2663 1515 2754 κρειττόνων

207 2765 387 2858 ἀμελήσας,
418 2769 624 2856 προσλαβῶν
655 2775 702 2844 δέ,
735 2764 789 2856 ἐφ’
811 2763 894 2840 όσον
925 2775 1059 2855 πρέπει,
1091 2775 1147 2839 καί
1174 2773 1283 2838 ταῦτα
1308 2762 1350 2838 δι’
1372 2763 1412 2848 ἀς
1434 2793 1514 2852 προ·

208 2885 305 2938 εῖπον
335 2875 453 2951 αίτίας.
504 2869 537 2940 οί
567 2873 602 2938 δέ
633 2876 706 2940 τῶν
736 2865 798 2940 οῦκ
825 2865 1021 2956 ἀναγκαίων
1047 2875 1103 2939 καί
1128 2873 1303 2955 περιττῶν
1329 2871 1390 2955 τῆς
1417 2877 1551 2952 φιλο-λ

208 2975 329 3055 σοφίας
361 2963 560 3058 όρεχθέντες
589 2975 644 3038 καί
675 2965 793 3058 μόνοις
826 2975 831 3056 Ι
864 2985 937 3050 τοῖς
966 2971 1143 3056 ἐριστικοῖς
1170 2971 1438 3055 προσανέχοντες
1460 2989 1514 3036 σο·
1532 2977 1617 3034 825Ρ

208 3075 345 3156 φίσμασι
379 3074 451 3138 τῶν
480 3063 675 3156 ἀναγκαίων
703 3073 757 3138 καί
793 3062 1019 3154 κυριωτάτων
1054 3063 1325 3154 ἀπελείφθησαν,
1362 3068 1416 3148 [σί]
1453 3061 1514 3146 τάς

157 3193 190 3244 ⁸25»
208 3163 302 3248 σκιάς
333 3163 485 3256 ἀτεχνῶς
515 3173 589 3236 τῶν
619 3163 734 3256 λόγων
766 3167 960 3248 διώκοντες.
1006 3165 1113 3236 καλὸν
1143 3171 1204 3254 μὲν
1234 3155 1297 3236 οῦν
1328 3163 1368 3234 τό
1398 3159 1551 3236 πάνταῖ

208 3269 427 3336 ἐπίστασθαι·
458 3259 530 3354 ότῳ
562 3271 597 3336 δὲ
623 3261 762 3338 ἀσθενεῖ
786 3267 1039 3336 ἐπεκτείνεσθαι
1062 3261 1082 3354 ή
1106 3263 1194 3354 ιγυχή
1216 3261 1302 3349 πρὸς
1324 3261 1389 3352 τήν
1410 3273 1514 3335 πολυ-

207 3371 300 3454 μαθῆ
323 3369 505 3455 ἐμπειρίαν.
529 3365 572 3438 τά
594 3363 830 3454 προηγούμενα
852 3371 907 3434 καί
929 3371 1053 3448 βελτίω
1075 3362 1247 3452 αἱρήσεται
1268 3359 1364 3452 μόνα.
1408 3359 1429 3451 ή
1451 3361 1513 3451 γάρ
1532 3381 1551 3436 4

208 3471 259 3554 τῷ
283 3459 358 3534 ὄντι
380 3461 559 3554 ἐπιστήμη,
587 3459 631 3552 ήν
652 3492 761 3552 φαμεν
781 3459 891 3548 μόνον
913 3465 1000 3552 ἔχειν
1022 3461 1085 3534 τὸν
1105 3461 1303 3551 γνωστικόν.
1326 3459 1514 3550 κατάληψίς

208 3567 278 3634 ἐστι
313 3569 426 3650 βεβαία
462 3562 515 3634 διά
552 3561 666 3652 λόγων
697 3559 840 3652 ἀληθῶν
869 3570 924 3634 καί
955 3567 1099 3648 βεβαίων
1130 3566 1184 3632 ἐπὶ
1216 3561 1281 3652 τήν
1314 3569 1374 3651 τής
1405 3567 1514 3644 αἰτίας

159 3689 191 3740 3ο
209 3669 335 3754 γνῶσιν
357 3659 540 3752 ἀνάγουσα,
570 3657 588 3734 δ
611 3669 646 3734 δὲ
668 3659 864 3752 ἐπιστήμων
886 3668 949 3732 τοῦ
969 3657 1119 3750 ἀληθοῦς
1140 3667 1217 3749 περί
1239 3657 1438 3750 ὁδηποτοῦν
1459 3657 1515 3730 αῦ-

209 3769 285 3834 τίκα
316 3769 370 3832 καλ
402 3769 465 3834 τοῦ
497 3767 640 3848 ηευδοῦς
670 3769 746 3850 περὶ
778 3759 818 3832 τῦ
850 3758 934 3832 αῦτὸ
961 3759 1158 3850 ἐπιστήμων
1184 3756 1331 3848 ῦπάρχει.
1374 3767 1429 3831 καί
1451 3759 1550 3849 γάρθ

208 3855 270 3934 οῦν
302 3855 339 3932 εῦ
368 3891 444 3944 πως
475 3866 561 3950 ἔχειν
591 3890 648 3952 μοι
675 3869 831 3948 φαίνεται
856 3857 875 3932 ό
899 3859 1001 3949 λόγος
1022 3865 1164 3941 ἐκεῖνος·
1197 3865 1225 3930 εἰ
1247 3867 1513 3950 φιλοσοφητέον,

295 4033 367 4088 ’2-4
388 4031 568 4102 vgt.1(4s2;
591 4034 694 4094 Ρῦῖθι
723 4025 950 4100 Ελίίμιινεισε
972 4027 1059 4098 μένος
1075 4026 1124 4084 καί
1141 4027 1260 4100 θάρσοςλ
1332 4031 1394 4084 181
1417 4030 1512 4084 ΙΤίια.

208 4121 231 4182 ί,
252 4121 284 4170 111
364 4117 404 4172 2⁰
426 4115 480 4184 vgl.
501 4115 570 4171 Plut.
589 4117 656 4172 Mor.
676 4135 700 4184 ρ.
720 4117 805 4170 1330
830 4115 987 4182 διαλεκτική
1010 4113 1038 4170 δέ
1061 4112 1222 4183 τρωγάλιον
1244 4111 1290 4170 ἐπί
1308 4114 1411 4186 δείπνῳ
1428 4113 1514 4184 γλυκῦ

207 4199 261 4266 μέν
288 4199 426 4270 οὐδαμῶς.
468 4201 570 4256 Ρίαδατ
592 4201 633 4254 Fr.
654 4203 719 4254 1240
738 4199 872 4255 Schmder
900 4200 1014 4254 δείπνου
1036 4199 1065 4254 δε
1087 4201 1224 4268 λήγοντος
1247 4195 1332 4268 γλυκῦ
1355 4195 1514 4266 τρωγάλιον

209 4287 317 4344 ίθίτοιτι.
337 4287 347 4338 Ι
369 4287 424 4352 100,
442 4289 469 4354 θ)
549 4284 851 4354 υῖ-τυις1.ειιοω.
873 4285 894 4337 ll
914 4285 973 4349 113
1043 4283 1150 4338 82-8.
1165 4283 1265 4345 51113
1285 4281 1338 4350 vgl.
1354 4281 1513 4336 Aristoteles

209 4368 250 4422 Fr.
269 4373 299 4424 51
319 4369 407 4423 Rom³

296 4499 417 4560 Ιθτεῐι
506 4505 618 4574 θίκαί,
643 4505 673 4558 St
694 4503 783 4559 καλὸν
801 4505 879 4558 Sehw
975 4505 1055 4572 θεία)
1073 4501 1189 4570 δι’·ναμις
1208 4503 1303 4557 Ιοιτίίε
1389 4503 1512 4571 8τιροσ·

209 4585 315 4654 τάξεως
337 4589 403 4659 (vgl.
422 4591 448 4643 S.
461 4593 519 4656 514,
532 4591 574 4646 26.
586 4591 628 4646 28.
640 4589 683 4657 31)
702 4591 733 4642 st
755 4587 884 4660 πράξεως
903 4589 923 4642 1,
1000 4590 1036 4644 12
1062 4587 1132 4658 [τοῦ]
1151 4586 1244 4643 πάντα
1262 4589 1340 4642 Schw
1412 4587 1450 4642 15
1467 4605 1512 4640 κν-

208 4681 270 4752 ριόυ
290 4679 386 4736 Lowth
412 4683 510 4752 κυρίωι
534 4682 555 4736 1,
637 4681 701 4736 281
721 4683 876 4750 σοφίσμασι
895 4699 939 4735 nm
957 4680 1036 4734 θεοῦ
1056 4681 1088 4734 L¹
1111 4665 1248 4748 ζητήμασι
1271 4679 1309 4732 im
1326 4679 1396 4733 Τοιῖ
1413 4677 1435 4732 L

208 4767 247 4822 2⁴
268 4763 381 4836 [onwi
459 4767 495 4822 al
517 4765 675 4834 φείδονςίι

1244 4849 1297 4902 33*
