3772 5532
622 533 761 588 εαοωοιε
779 533 811 588 11.
830 531 896 604 cap.
908 532 1008 588 xvm.
1027 533 1067 598 ιε,
1080 529 1171 594 3-81,
1184 533 1209 586 ι.
1513 541 1569 600 155

263 693 379 786 τούτῳ
409 701 465 767 καί
493 689 513 784 ἡ
540 701 705 786 σωτηρία,
736 693 876 786 τήρησις
907 687 989 768 ούσα
1015 701 1079 768 τοῦ
1106 687 1142 766 εύ
1168 695 1312 782 ἔχοντος.
1356 689 1497 776 εἰκότως
1519 695 1609 764 ἐτιθ

262 801 338 884 περὶ
360 793 498 868 τούτων
519 791 738 878 διαλαβόντες
760 803 834 868 τῶν
856 791 992 886 ἀρετῶν
1014 799 1090 882 περί
1115 801 1237 864 πασῶν
1259 791 1301 864 ἀν
1324 796 1436 882 εἴημεν
1458 796 1569 883 ἐσκεμ-

261 899 367 984 μένοι,
391 887 446 965 ότι
468 888 487 966 ό
509 901 590 982 μίαν
613 897 699 982 ἔχων
721 889 846 983 ἀρετὴν
867 901 1068 984 χνωστικῶς
1089 889 1199 976 πάσας
1221 895 1286 981 ἐχει
1308 891 1362 964 διά
1384 891 1449 982 τὴν
1469 889 1569 964 ἀντα-

262 1001 460 1066 κολσυθίαυ.
511 989 632 1066 αύτίκα
664 989 684 1083 ἡ
714 991 891 1082 ἐγκράτεια
926 989 1076 1077 διάθεσίς
1111 997 1202 1064 ἐστιν
1233 989 1465 1078 ἀνυπέρβατσς
1496 999 1607 1064 τῶνί

227 1093 349 1164 σκατά
376 1091 439 1164 τόν
470 1088 581 1182 όρθόν
609 1089 714 1182 λόγον
741 1099 929 1180 φανέντων.
971 1090 1208 1181 ἐγκρατεύεται
1231 1097 1266 1162 δὲ
1289 1085 1308 1162 ὁ
1329 1097 1486 1180 κατέχων
1510 1091 1571 1174 τὰς

261 1193 352 1281 παρὰ
380 1191 443 1264 τόν
470 1187 581 1279 όρθόν
607 1191 712 1282 λόγου
733 1188 879 1282 όρμάςῆ
908 1203 911 1276 Ι
940 1187 959 1264 ό
981 1197 1135 1281 κατέχων
1157 1189 1264 1263 αύτόν
1286 1187 1375 1262 ύίστε
1396 1191 1441 1280 μὴ
1463 1187 1570 1280 όρμάν
1587 1202 1675 1257 4711>

261 1291 354 1380 παρὰ
389 1290 453 1364 τὸν
483 1287 593 1378 όρθόν
623 1287 737 1382 λόγον.
784 1291 989 1380 σωφροσύνη
1020 1297 1055 1364 δὲ
1086 1287 1171 1382 αύτη
1203 1287 1264 1362 ούκ
1295 1289 1376 1360 ἀνευ
1406 1285 1569 1376 ἀνδρείας,
1588 1307 1606 1361 σ

262 1389 434 1480 ἐπειδὴέξ
451 1395 607 1464 ντολων
622 1397 750 1480 γίνεται
764 1391 912 1480 ἑπομένη
928 1419 979 1482 τῳ
962 1397 1246 1480 ’διατεταγμέναι
1262 1427 1303 1462 ιι
1320 1396 1391 1478 θεῷ
1409 1385 1570 1478 φρόνησίς

263 1516 300 1561 τε
321 1499 377 1560 καὶ
400 1487 421 1581 ἡ
441 1489 600 1580 μιμητικὴ
628 1497 688 1580 τῆς
715 1496 809 1571 θείας
835 1496 1020 1572 διαθέσεως
1043 1487 1251 1579 δικαιοσύνη,
1282 1485 1366 1560 καθ’
1390 1487 1433 1578 ἣν
1453 1493 1569 1578 ἐγκρα-

210 1603 244 1656 10
263 1585 439 1679 τευόμενοι
460 1597 609 1678 καθαροὶ
630 1587 717 1678 πρὸς
739 1586 907 1676 εύσέβειαν
932 1595 987 1660 καί
1015 1617 1080 1678 την
1101 1591 1206 1680 όπσμέ
1207 1617 1268 1680 νην
1290 1585 1495 1672 ἀκολούθως
1518 1595 1568 1678 τῷ

262 1695 333 1778 θεῷ
364 1695 488 1778 πρᾶξιν
514 1687 739 1779 στελλόμεθα,
770 1687 1022 1778 ἐξομοιούμενοι
1046 1695 1097 1779 τῷ
1119 1697 1225 1778 κυρίῳ
1246 1687 1398 1762 κατὰτὸ
1421 1687 1570 1760 δυνατὸν

263 1784 350 1878 ἡμίν,
382 1786 554 1878 ίπικήροις
579 1787 645 1878 τὴν
667 1787 770 1876 φύσιν
791 1785 1005 1878 ύπάρχουσιν.
1049 1794 1154 1861 τοῦτο
1176 1793 1214 1858 δέ
1242 1793 1313 1860 ἐστι
1343 1795 1492 1860 »δίκαιον
1513 1795 1569 1860 καί
1589 1801 1667 1870 81,1

262 1881 358 1960 ὅσιον
389 1888 474 1977 μετὰ
496 1887 694 1980 φρονήσεως
716 1893 902 1978 γενέσθαιι.
949 1883 1102 1970 ἀνευδεές
1131 1893 1193 1976 μὲν
1222 1887 1285 1977 γάρ
1316 1887 1358 1960 τό
1388 1899 1485 1960 θεῖον
1514 1895 1569 1960 καὶ

262 1983 404 2072 ἀπαθές,
433 1980 518 2059 όθεν
541 1985 617 2060 ούδὲ
639 1992 797 2078 ἐγκρατὲς
818 1995 955 2076 κυρίως·
987 1985 1027 2058 ού
1049 1987 1112 2075 γὰρ
1134 1983 1322 2060 ὑποπίπτει
1344 1985 1450 2060 πάθει
1472 1994 1568 2070 ποτέ,

209 2097 243 2150 15
262 2089 317 2158 ίνα
338 2095 394 2158 καί
416 2085 569 2178 κρατήσῃ
593 2093 703 2158 τοῦδε·
727 2085 748 2176 ἡ
770 2093 805 2160 δὲ
826 2084 968 2176 ἡμετέρα
991 2083 1089 2173 φύσις
1107 2087 1262 2178 ἐμπαθὴς
1278 2079 1361 2160 ούσα
1375 2091 1570 2176 ἐγκρατείας

261 2191 381 2271 δεῖται,
414 2181 459 2257 δι’
484 2178 522 2276 ἧς
543 2186 630 2274 πρὸς
658 2187 698 2258 τό
721 2183 889 2276 όλιγοδεές
912 2193 1164 2276 συνασκουμένη
1186 2195 1389 2276 συνεγγίζειν
1410 2192 1568 2274 πειρᾶται

260 2285 348 2358 κατὰ
370 2282 524 2356 διάθεσιν
545 2293 588 2374 τῇ
610 2293 687 2378 θείᾳ
710 2284 816 2373 φύσει
852 2281 871 2358 ό
893 2285 956 2375 γάρ
979 2291 1161 2368 σπουδαῖος
1183 2280 1366 2376 όλιγοδεὴς,
1388 2281 1568 2358 ἀθανάτου
1587 2293 1605 2348 2

262 2393 318 2456 καί
340 2391 473 2474 θνητῆς
495 2384 629 2472 φύσεως
650 2383 827 2474 μεθόριος,
857 2383 900 2458 τὸ
922 2391 983 2474 μὲν
1005 2389 1114 2466 ἐνδεὲς
1136 2383 1190 2458 διά
1212 2412 1249 2456 τε
1271 2385 1313 2458 τό
1335 2391 1431 2474 σῶμα
1453 2382 1508 2456 διά
1530 2413 1567 2455 τε

262 2483 328 2575 τὴν
349 2491 478 2574 γένεσιν
501 2481 610 2574 αύτην
632 2487 729 2574 ἔχων,
757 2479 885 2574 ὀλίγων
907 2489 942 2554 δὲ
964 2484 1018 2556 διὰ
1037 2483 1101 2574 τὴν
1123 2483 1264 2574 λογικὴν
1284 2482 1483 2573 ἐγκράτειαν
1504 2490 1567 2556 δεί-

211 2597 246 2653 20
262 2597 343 2656 σθαι
374 2589 617 2673 δεδιδαγμένος.
668 2589 740 2656 ἐπεί
771 2592 849 2656 τίνα
880 2579 983 2672 λόγον
1015 2587 1079 2672 ἔχει
1109 2583 1150 2656 τὸ
1182 2580 1338 2656 ἀπειπεῖν
1368 2583 1431 2656 τόν
1461 2581 1605 2674 νόμον3

262 2679 356 2772 ἀνδρί
383 2682 542 2774 γυναικός
567 2680 763 2774 ἀμπεχόνην
790 2679 1056 2772 ἀναλαμβάνειν,·
1083 2678 1104 2772 ἢ
1130 2679 1202 2770 ούχί
1229 2679 1461 2771 ἀνδρεΐςεσθαι
1483 2680 1568 2774 ἡμᾶς

261 2781 420 2864 βούλεται
449 2781 534 2874 μήτε
563 2783 651 2854 κατὰ
678 2781 719 2854 τό
746 2790 843 2871 σῶμα
864 2789 920 2853 καὶ
944 2781 986 2852 τά
1009 2785 1088 2870 ἔργα
1110 2777 1194 2872 μήτε
1215 2781 1302 2854 κατά
1325 2782 1390 2872 τὴν
1412 2780 1567 2856 διάνοιαν

261 2887 315 2952 καί
338 2883 402 2954 τόν
424 2879 529 2971 λόγον
550 2886 858 2973 ἐκθηλυνσμένους,·
879 2877 1096 2970 ἡρρενῶσθαι
1118 2881 1181 2969 γάρ
1203 2881 1266 2952 τόν
1287 2877 1431 2972 ἀληθείᾳ
1449 2879 1605 2972 σχολάλ

262 2991 365 3067 ζοντα
387 2982 423 3052 ἔν
445 3011 482 3054 τε
505 2978 692 3070 ύπσμσναῑς
715 2983 751 3052 ἔν
774 3009 811 3052 τε
832 2987 1024 3070 καρτερίαις
1045 2976 1110 3052 κάν
1132 2987 1182 3070 τῷ
1205 2987 1268 3070 βίῳ
1290 2975 1354 3052 κάν
1376 2987 1426 3072 τῷ
1447 2978 1565 3072 τρόπῳ

210 3101 244 3156 25
261 3075 325 3150 κάν
348 3087 398 3170 τῷ
423 3078 516 3170 λόγῳ
549 3077 614 3152 κάν
645 3088 687 3170 τῇ
717 3076 852 3170 ἀσκήσει
883 3075 1019 3166 νύκτωρ
1050 3107 1088 3152 τε
1118 3085 1173 3148 καί
1203 3075 1282 3169 μεθ’
1299 3077 1425 3170 ἡμέραν
1451 3089 1516 3157 καί.
1540 3085 1570 3154 εί

261 3207 330 3250 που
358 3187 544 3268 μαρτυρίου
568 3175 614 3251 δι’
636 3183 776 3272 αίματος
798 3183 993 3268 χωροῦντος
1016 3177 1260 3266 έπικαταλάβσι
1281 3191 1384 3270 χρεία,
1403 3181 1568 3266 βούλεται.

347 3507 419 3564 4-7
448 3508 542 3578 Chrys.
567 3509 610 3564 Fr.
634 3527 701 3564 mor.
720 3511 771 3566 275
789 3509 885 3564 Arnim
978 3509 1024 3566 Η
1047 3509 1102 3580 ng
1121 3509 1292 3566 Andronicus
1317 3509 1359 3566 De
1385 3511 1447 3566 virt.
1465 3513 1494 3566 et
1520 3509 1568 3565 vib

262 3609 286 3662 p.
309 3591 354 3658 24,
382 3593 398 3646 3
425 3591 616 3648 Schuchhardt
718 3595 842 3650 11-18
871 3593 926 3663 τρὶ
953 3593 1035 3650 Plato
1064 3593 1178 3650 Τίιεοαίτ
1209 3613 1234 3666 p.
1262 3597 1311 3651 176
1334 3597 1382 3651 ΔΒ
1470 3597 1507 3651 12
1536 3613 1568 3649 zu

261 3677 297 3743 ἐξ
323 3679 435 3733 81-99
461 3677 516 3748 vgl.
536 3677 705 3746 Weudland,
732 3679 846 3734 Hermes
867 3679 899 3732 31
922 3677 1010 3744 (1896)
1029 3679 1053 3732 S.
1072 3680 1216 3736 435-450
1298 3680 1345 3736 1⁸.
1365 3680 1485 3736 17-20
1511 3679 1567 3748 τρὶ.

262 3758 343 3814 Philo
365 3759 405 3814 Do
426 3761 488 3816 fort.
507 3762 523 3816 3
545 3762 580 3830 (71
599 3779 625 3832 p.
643 3765 692 3818 377
712 3763 751 3829 M)
777 3757 836 3818 ἔστι
862 3759 918 3834 γάρ
941 3761 958 3816 ό
988 3760 1041 3830 μὲν
1067 3764 1136 3828 θεός
1161 3759 1294 3832 ἀνενδεὴς
1320 3761 1479 3832 (ἀνεπιδεης
1505 3763 1568 3816 und.

262 3843 335 3908 HSS)
446 3843 463 3899 ό
489 3845 518 3902 δὲ
546 3847 698 3913 σπουδαῖος
724 3844 879 3917 όλιγοδεης,
906 3842 1057 3902 ἀθανάτου
1082 3849 1130 3903 καί
1156 3851 1262 3916 θνητῆς
1288 3845 1400 3916 ςόσεως
1422 3846 1568 3918 μεθόριος,

261 3927 294 3982 τό
324 3927 379 3996 μὲν
410 3925 517 3996 ἐπιόεές
547 3925 620 4000 ἔχων
646 3929 691 3987 διὰ
718 3930 772 4000 (τό)
799 3937 882 3998 σῶμα
907 3929 1026 4000 θνητόν,
1054 3929 1086 3986 τό
1113 3929 1143 3988 δέ
1169 3933 1208 4000 μὴ
1234 3931 1384 3996 πολυτελὲς
1406 3929 1452 3986 διόι
1475 3933 1569 4000 ψυχὴν

261 4007 412 4084 ἐφιεμένην
430 4011 598 4081 ἀθανασίας.
679 4015 814 4086 201ng
832 4015 912 4070 Dent.
930 4017 971 4076 22.
989 4019 1005 4072 5
1083 4015 1198 4072 20-20
1217 4015 1297 4070 Philo
1316 4015 1421 4070 uo.
1439 4018 1499 4086 ἐρ.
1518 4013 1569 4070 378

261 4091 435 4154 ἀπτιιιὼν’
419 4097 474 4154 ανὰ
500 4097 606 4172 κρότος
628 4095 708 4170 ἀνδρί
729 4099 863 4172 γιναικδς
885 4095 1050 4198 ἀμπεχόνην
1072 4097 1349 4170 ἀναλαμβάνειν..
1362 4099 1567 4172 ,ρηρενῶσθαι

261 4177 317 4252 γάρ
343 4181 394 4237 τόν
420 4201 452 4253 γε
480 4183 552 4254 πρός
578 4181 715 4254 ἀληθειαν
737 4179 827 4256 ἀνδρα
848 4181 903 4240 κάν
925 4184 1036 4250 τούτοις
1055 4185 1155 4254 ἠξίωσε
1173 4185 1222 4239 καί
1239 4177 1352 4252 μάλιστ
1369 4180 1399 4238 έν
1420 4179 1568 4254 ἐσθήσεσιν

262 4259 296 4332 ἀς
322 4263 530 4340 ἐπιφερόμενος
553 4265 598 4324 ἀεί
618 4261 685 4336 μεθ’
701 4269 739 4338 ημ
742 4265 811 4338 ἐραν
831 4287 862 4325 τε
883 4269 932 4324 καί
954 4267 1063 4338 νύκτωρ
1086 4265 1192 4336 δφείλει
1214 4263 1340 4336 μηδέν”
1324 4285 1400 4338 εχειν
1417 4265 1570 4340 ἀνανδρίας

264 4345 425 4422 όπόμνημα.

348 4605 510 4664 θαθεόνίι
595 4607 739 4678 :amn
820 4605 958 4667 δέπειτα
977 4609 1065 4666 Hiller
1149 4613 1296 4666 ..ίιιίτιε
1313 4608 1403 4676 (ἐστίν
1422 4613 1438 4682 ό
1457 4607 1567 4678 ἐξομοι-

263 4689 368 4761 σιμένη
386 4695 449 4766 τῷ»
468 4693 546 4750 Schw
