3726 5528
648 553 786 610 stromata
805 553 837 611 V.
860 553 924 626 Οορ.
937 555 957 610 1.
974 557 999 622 ί,
1013 557 1087 620 1-7,
1099 557 1123 610 3.
1483 565 1543 628 329

233 723 428 803 στρέφοντα
451 713 678 805 (ἀντιστρέφει
700 723 735 788 δὲ
757 715 778 789 ἀ
800 723 855 789 καί
877 736 950 798 τοῖς
974 714 1035 788 τὸν
1058 719 1217 790 ἐναντίον
1237 727 1413 808 χειρίζουσι
1436 717 1542 810 λόγον

233 813 291 888 ἐπ’
316 821 388 906 ἴσης
410 819 502 890 ἔστιν
524 825 641 893 εἰπεῖν.
673 815 720 899 ῶς
748 818 789 890 τὸ
812 823 840 890 εί
868 824 958 906 ζῷον
981 815 1021 888 τὸ
1043 817 1130 888 κατὰ
1152 817 1295 906 γαστρὸς
1318 815 1338 908 ἢ
1362 817 1402 890 οδ
1425 829 1541 910 ζῷον)·

234 913 398 1004 τέταρτός
420 921 490 988 έστι
514 915 652 1004 τρόπος,
675 911 761 988 όταν
782 920 819 988 ἐκ
839 923 990 1004 θατέρου
1005 915 1143 988 τούτων
1156 925 1277 1006 μέρους
1292 915 1542 1009 ἀναντίρρητον

234 1023 289 1088 καί
321 1015 451 1088 ἄλυτον
480 1015 656 1108 ένθόμημα
686 1025 914 1106 προτείνηται.
958 1021 987 1088 εί
1018 1023 1136 1088 τοίνυν
1167 1015 1186 1106 ἡ
1219 1026 1280 1090 τοῦ
1311 1029 1422 1107 ζητεῖν
1452 1025 1580 1090 αίτίαέ

200 1115 322 1190 δκατά
344 1113 478 1198 πάντας
501 1117 581 1200 τοὺς
603 1112 751 1204 τρόπους
773 1113 966 1202 ἀναιρεῖται,
988 1124 1101 1236 πίστις
1123 1123 1338 1206 έμπεδοῦται·
1365 1127 1542 1206 προτείνο-

234 1243 296 1304 μεν
322 1215 384 1306 γάρ
413 1213 527 1300 αὐτοῖς
557 1216 598 1287 τό
629 1213 879 1304 ἀναντίρρητον
908 1211 1080 1300 ἐκεῖνο,
1063 1247 1082 1286 ο
1110 1212 1128 1288 ὁ
1157 1215 1237 1299 θεός
1263 1213 1404 1288 έστιν
1386 1249 1405 1288 ο
1433 1225 1543 1336 λέγων

234 1321 288 1388 καί
311 1321 386 1402 περί
406 1315 508 1398 ἑνὸς(
497 1313 641 1388 εκάστου
657 1307 708 1386 ῶν
723 1319 871 1406 έπιζητῶ
887 1317 1052 1406 παριστὰς
1068 1314 1252 1440 ἐγγράηως.
1289 1325 1340 1398 τίς
1355 1309 1417 1388 οὖν
1432 1310 1544 1400 οότως
1561 1331 1588 1398 δ,
1603 1329 1619 1386 l

235 1415 340 1498 αθεος
362 1413 444 1504 <ῶς>
467 1411 621 1488 ἀπιστεῖν
652 1422 724 1506 θεῷ
755 1424 810 1486 καὶ
842 1415 902 1498 τάς
935 1413 1182 1502 ἀποδείξεις(
1154 1447 1202 1495 ως
1227 1417 1319 1504 παρὰ
1341 1412 1543 1504 ἀνθρώπων

234 1509 392 1588 ἀπαιτεῖν
420 1521 481 1586 τοῦ
509 1522 607 1598 θεοῦ;
636 1511 743 1586 πάλιν
764 1521 838 1586 τῶν
866 1513 1112 1604 ζητημάτων“
1092 1545 1113 1586 α
1134 1523 1195 1606 μὲν
1217 1513 1405 1606 αίσθήσεως
1427 1523 1542 1591 δεῖται.

185 1629 218 1682 10
236 1615 311 1686 οίον
333 1615 393 1686 ἐὰν
416 1623 498 1704 ζητῇ
521 1643 586 1698 τις,
610 1621 638 1685 εί
661 1613 702 1684 τό
724 1619 791 1702 πῦρ
814 1613 943 1704 θερμόν
966 1611 985 1704 ἢ
1009 1611 1029 1705 ἦ
1050 1617 1135 1704 χιῶν
1158 1613 1270 1706 λευκή·
1308 1616 1386 1688 τινὰ
1408 1621 1443 1688 δὲ
1468 1645 1542 1690 νου-

236 1721 351 1796 θεσίας
370 1721 425 1786 καί
442 1711 661 1803 δπιπλήξειος,
685 1711 733 1796 ῶς
748 1737 850 1803 φησιν
864 1711 1106 1804 Ἀριστοτέλης,
1131 1713 1178 1798 ῶς
1194 1714 1235 1786 τὸ
1250 1715 1409 1804 ίρῶτημα
1424 1721 1542 1795 έκεῖνο,

237 1819 264 1886 εί
286 1815 348 1905 χρὴ
372 1833 481 1902 γονεῖς
503 1820 612 1902 τιμᾶν.
656 1815 750 1884 ἔστιν
771 1819 806 1884 δὲ
829 1809 850 1882 ἀ
871 1821 927 1883 καὶ
948 1811 1120 1896 κολάσεως
1142 1815 1230 1900 ἄξια,
1263 1809 1388 1886 ὁποῖόν
1408 1819 1479 1886 ἐστι
1501 1815 1543 1886 τό

236 1919 344 1986 αἰτεῖν
364 1910 565 2000 ἀποδείξεις.
590 1918 618 1984 εὶ
639 1907 786 2000 πρόνοιά
809 1917 888 1984 έστι.
923 1921 1088 2001 προνοίας
1111 1921 1231 1986 τοίνυν
1252 1906 1367 2000 οὔσης,
1390 1914 1435 2004 μὴ
1456 1915 1580 1986 κατάθ

236 2011 405 2102 πρόνοιαν
435 2019 608 2102 γεγονέναι
638 2018 751 2084 πᾶσαν
782 2009 848 2102 τήν
878 2041 914 2084 τε
946 2021 1161 2102 προφητείαν
1192 2019 1246 2082 καί
1279 2013 1344 2102 τὴν
1374 2021 1450 2103 περὶ
1481 2012 1544 2084 τὸν

187 2127 219 2182 15
238 2119 377 2201 σωτῆρα
400 2118 598 2200 οἰκονομίαν
620 2108 772 2200 ἡγεῖσθαι
794 2107 944 2182 ἀνόσιον.
971 2119 1025 2184 καί
1049 2117 1129 2195 ἴσως
1151 2107 1228 2182 οόδὲ
1250 2113 1313 2202 χρὴ
1336 2113 1379 2184 τά
1402 2119 1545 2185 τοιαῦτα

237 2218 417 2297 πειρᾶσθαι
448 2207 703 2291 ἀποδεικνύναι,
736 2217 885 2298 φανερᾶς
915 2203 1016 2302 οόοης
1046 2219 1107 2302 τῆς
1138 2219 1232 2296 θείας
1258 2219 1422 2302 προνοίας
1449 2216 1485 2280 ίκ
1508 2239 1543 2282 τε

238 2315 299 2398 τῆς
321 2303 435 2393 ὄφεως
458 2317 531 2382 τῶν
552 2305 737 2400 δρωμένων
758 2307 911 2382 πάντων.
934 2317 1099 2399 τεχνικῶν
1119 2319 1174 2382 καί
1194 2319 1317 2396 σοφῶν
1331 2310 1543 2401 ποιημάτων.

237 2416 293 2480 καὶ
324 2415 397 2480 τῶν
427 2415 488 2498 μὲν
518 2407 611 2500 τάξει
642 2415 840 2498 γινομένων,
873 2417 947 2480 τῶν
973 2417 1008 2480 δὲ
1036 2407 1127 2494 τάξει
1154 2417 1429 2498 φανερουμὲνων·
1467 2407 1581 2484 όδέδ

238 2509 402 2598 μεταδοὺς
433 2505 513 2600 ἡμῖν
543 2515 606 2582 τοῦ
636 2511 722 2580 εἶναί
753 2537 790 2580 τε
819 2517 874 2578 καί
907 2515 967 2598 ζῆν
996 2515 1228 2598 μεταδίδωκεν
1258 2517 1313 2580 καὶ
1340 2515 1403 2582 τοῦ
1429 2508 1543 2600 λόγου.

186 2622 221 2678 20
239 2615 385 2696 λογικῶς
415 2637 452 2680 τε
484 2603 551 2698 άμα
580 2615 635 2680 καί
666 2601 703 2680 εδ
734 2614 794 2698 ζῆν
820 2611 953 2680 ἐθέλων
976 2605 1072 2698 ἡμᾶς·
1109 2604 1212 2699 ὁγὰρ
1235 2607 1449 2698 τοῦπατρὸς
1472 2615 1545 2680 τῶν

240 2701 334 2780 όλων
357 2705 457 2799 λόγος
480 2707 540 2796 οόχ
562 2701 663 2791 οὗτός
686 2713 778 2778 ἐστιν
800 2703 819 2778 ό
840 2703 1066 2795 προφορικός,
1097 2717 1201 2796 σοφία
1223 2713 1336 2780 δὲκαὶ
1357 2705 1545 2799 χρηστότης

240 2805 465 2897 φανερωτάτη
501 2813 563 2880 τοῦ
600 2813 684 2880 θεοῦ
724 2805 879 2897 δύναμίς
914 2836 951 2876 τε
982 2799 1024 2876 αὖ
1058 2807 1254 2898 παγκρατὴς
1288 2815 1345 2878 καὶ
1381 2815 1431 2898 τῷ
1468 2801 1647 2880 ὅντιθσῖΡ

239 2915 330 2985 θεία,
362 2903 440 2980 οὐδὲ
472 2927 543 2990 τοῖς
576 2908 621 2998 μη
652 2902 878 2996 όμολογοῐσιν
910 2902 1157 2995 ἀκατανόητος.
1189 2915 1321 2996 θέλημα
1351 2935 1545 2996 παντοκρα·

239 3005 387 3095 τορικόν.

188 3121 222 3174 25
322 3104 409 3180 ’δ’πεὶ
432 3113 466 3178 δε
490 3111 524 3178 οἳ
544 3135 604 3194 μεν
626 3105 778 3180 ἄπιστοι
809 3109 843 3176 οἳ
863 3111 898 3178 δε
925 3111 1100 3194 έριστικοί
1131 3101 1172 3176 οδ
1192 3103 1321 3188 πάντες
1345 3103 1543 3196 τυγχάνουσι
1565 3117 1620 3184 m

240 3212 300 3294 τῆς
332 3205 548 3294 τελειότητος
580 3213 643 3278 τοῦ
673 3203 813 3295 ἀγαθοῦ.
862 3197 941 3276 οὔτε
972 3205 1034 3296 γὰρ
1066 3205 1147 3276 ἄνευ
1176 3211 1403 3294 προαιρέςοεω
1435 3225 1544 3294 τυχεῖν

239 3303 316 3378 οἶόν
338 3333 384 3390 τε,
406 3302 447 3377 οό
468 3306 534 3396 μὴν
556 3303 633 3378 οδδὲ
656 3305 697 3376 τὸ
719 3312 790 3378 πᾶν
809 3309 864 3376 ἐπι
886 3311 929 3392 τῇ
951 3303 1068 3394 γνῶμη
1092 3313 1133 3394 τῇ
1155 3300 1299 3428 ημετέρᾳ
1320 3325 1438 3379 κεῖται
1469 3305 1546 3376 οίον

240 3403 281 3474 τὸ
312 3400 577 3494 ἀποβησόμενον.
624 3403 752 3494 »χάριτι
783 3405 845 3494 γάρ
876 3402 1090 3494 σφζόμεθαι,
1122 3400 1185 3474 οόκ
1215 3403 1296 3475 ἀνευ
1326 3412 1443 3494 μέντοι
1471 3411 1582 3475 τῶνθ

239 3511 358 3576 καλῶν
387 3505 506 3594 ἔργων,
538 3501 624 3576 ἀλλά
655 3511 705 3576 δεῖ
734 3511 796 3594 μἐν
825 3501 1020 3590 πεφυκότας
1049 3501 1134 3590 πρὸς
1165 3503 1205 3574 τὸ
1236 3499 1370 3592 ἀγαθὸν
1395 3499 1547 3592 σπουδήν

188 3615 223 3670 30
240 3632 317 3674 τινα
338 3601 623 3692 περιποιήσασθαι
644 3603 731 3690 πρὸς
752 3599 848 3674 αότό·
876 3607 928 3672 δεῖ
948 3607 982 3674 δὲ
1004 3609 1060 3672 καί
1083 3602 1147 3692 τὴν
1169 3603 1311 3692 γνῶμην
1332 3600 1408 3694 ὑγιῆ
1430 3608 1583 3692 κεκτη-δ

241 3713 320 3775 σθαι
342 3703 407 3792 τὴν
429 3699 663 3792 ἀμετανόητον
677 3702 763 3790 πρὸς
779 3701 841 3790 τὴν
864 3699 975 3790 θήραν
991 3707 1053 3772 τοῦ
1069 3707 1185 3779 καλοῦ,
1201 3702 1287 3790 πρὸς
1303 3697 1386 3788 ὅπερ
1401 3701 1545 3791 μάλιστα

325 3931 343 3986 2
372 3931 427 4000 vgl.
451 3931 549 3986 Strom.
568 3929 631 3982 Vlll
660 3931 708 3986 θίί
799 3927 894 3984 θ-ίδ
921 3929 976 3994 vgl.
1000 3929 1112 3984 Δείείοί.
1135 3929 1274 4000 Τορίαλ,
1295 3933 1324 3984 11
1349 3949 1374 4000 p.
1395 3933 1464 3983 1⁴⁸5·
1481 3929 1548 3982 3-9

241 4012 275 4070 οίι
296 4017 341 4070 δεῖ
357 4013 386 4070 δὲ
405 4021 462 4070 πᾶν
479 4015 631 4088 πρόβλημα
650 4011 713 4070 οὐδὲ
732 4019 827 4068 πᾶσαν
846 4011 927 4066 θέσιν
945 4009 1121 4070 ἐπισκοπεῖν·
1140 4005 1202 4070 ἀλλ’
1215 4013 1247 4083 ἣν
1265 4010 1436 4083 ἀπορήσειεν
1454 4009 1490 4066 ἄν
1508 4030 1549 4076 τις

240 4105 297 4154 τῶν
322 4099 411 4172 λόγου
437 4097 592 4168 δεομένων,
618 4101 667 4154 καί
693 4101 732 4168 μη
755 4095 900 4161 κολάσεως
923 4095 939 4164 ἢ
962 4093 1130 4166 αίαθηοεως.
1166 4095 1194 4154 οί
1215 4097 1268 4166 μὲν
1291 4097 1346 4168 γὰρ
1364 4095 1548 4166 ἀποροῖντες,

242 4183 364 4255 πότερον
391 4185 435 4240 δεῖ
455 4182 520 4249 τοῦς
543 4183 628 4248 θεοὺς
650 4189 736 4252 τιμᾶν
757 4185 805 4238 καί
827 4189 893 4246 τοῦς
911 4189 1005 4250 γονεῖς
1023 4179 1138 4251 ἀγαπᾶν
1156 4179 1173 4250 ἢ
1192 4177 1238 4248 οὔ,
1265 4181 1411 4246 κολάσεως
1428 4179 1548 4246 δέονται,

240 4265 269 4324 οί
286 4267 328 4330 δέ,
352 4269 475 4340 πότερον
494 4269 509 4336 η
526 4265 599 4337 χιὼν
616 4269 698 4336 λετκη
719 4263 735 4334 ἢ
754 4259 800 4332 οὔ,
824 4263 990 4334 αἰσθήσεως.
1027 4264 1090 4320 οἶδὲ
1108 4267 1139 4335 δη
1159 4257 1200 4320 ῶν
1220 4264 1355 4336 στ’νεγγυς
1373 4267 1388 4334 η
1408 4261 1550 4330 ἀπόδειξις

241 4347 303 4406 οὐδ’
321 4343 362 4408 διν
385 4353 448 4408 λίαν
471 4353 586 4424 πόρρω·
610 4349 645 4406 τὰ
667 4349 720 4420 μὲν
739 4349 793 4420 γάρ
812 4347 864 4404 οὐκ
881 4343 938 4420 ἔχει
957 4347 1093 4420 ἀπορίαν,
1112 4351 1146 4404 τὰ
1164 4349 1193 4406 δὲ
1212 4351 1298 4406 πλείω
1317 4349 1333 4418 ἢ
1350 4347 1424 4404 κατὰ
1443 4367 1548 4418 γυμνα-

241 4435 345 4506 στικην.
426 4436 492 4492 m
507 4436 562 4506 νηί.
582 4433 663 4491 Ρεεδ.
683 4435 718 4488 ΙΙΙ
738 4439 779 4498 ενι,
800 4439 827 4500 1;
846 4433 944 4488 Strom.
964 4433 987 4486 V
1006 4437 1082 4500 ΝΑ
1163 4435 1202 4490 28
1221 4434 1319 4504 Ερίτεε.
1338 4437 1396 4493 ’.λῖν

328 4637 369 4693 Η
394 4637 433 4702 τίς
455 4629 505 4692 οὖν
528 4633 604 4692 αἰτία
623 4633 717 4700 ἀθέως
735 4631 862 4690 ἀπιστεῖν
880 4633 999 4690 Jacknon
1083 4627 1211 4698 ίοίτως
1229 4634 1260 4688 st
1277 4629 1356 4690 ἔτιΙι
1439 4629 1548 4702 8<ὼς>

241 4714 423 4788 Μκ<οίόςτ’
455 4721 534 4776 Sehw
617 4721 654 4776 1⁰
677 4717 837 4776 είτδσοττ.
857 4717 1013 4783 αυεεῖςτδ
1033 4719 1065 4772 11¹
1149 4719 1184 4774 Ῑί
1205 4715 1320 4774 πάντων
1339 4721 1424 4786 (τῶν)
1444 4717 1490 4772 Ma
