3704 5530
569 541 707 596 suonam
726 541 770 596 vl.
793 541 903 612 cmv.
920 541 1091 614 41,1-οομ.
1112 541 1157 597 Vl.
1175 547 1216 606 44,
1229 547 1253 598 4.
1495 548 1555 610 153

248 699 447 792 άναστήσας.
471 700 519 784 ὠς
540 703 607 774 οἶοί
629 733 666 774 τε
689 697 774 794 ήσαν
795 711 950 794 δέχεσθαι
973 703 1038 794 τήν
1058 704 1150 792 παρά
1173 711 1236 776 τοῦ
1256 709 1339 776 θεοῦ
1355 701 1553 792 εὐεργεσίαν,

248 809 323 874 τῶν
346 809 496 890 χυδαίων
522 797 726 890 άνθροάπαιν
750 809 922 892 διέκρινεν,
949 803 1093 894 δηλώσει
1119 803 1205 894 πρὸς
1227 810 1279 894 τῷ
1301 809 1434 892 Πέτρου
1454 801 1553 894 κηρό-

248 929 346 992 γματι
362 899 381 972 6
397 898 590 984 ἀπόστολος
604 908 715 992 λέγων
725 910 871 987 Παῦλος·
890 901 1028 990 »λάβετε
1042 911 1098 976 καί
1113 905 1175 986 τάς
1183 899 1379 994 Ἑλληνικάς
1391 911 1534 988 βίβλους,
1547 911 1550 992 ί
1571 909 1648 976 41ι1

247 1007 415 1090 ὲπίγνοιτε
442 1009 625 1088 Σίβυλλαν,
658 999 706 1084 σός
732 1009 831 1094 δηλοῖ
856 1006 914 1076 ἕνα
941 1001 1027 1076 θεὸν
1052 1011 1108 1074 καί
1135 1003 1177 1076 τά
1208 1009 1378 1092 μέλλοντα
1408 1005 1551 1086 ἔσεσθαι,
1570 1007 1654 1066 762?

213 1109 299 1172 σκαί
325 1099 387 1172 τόν
407 1097 598 1192 Ὑστάσπην
620 1102 784 1190 λαβόντες
805 1100 996 1192 άνάγναιτε,
1027 1110 1082 1176 καὶ
1111 1101 1268 1194 εόρήσετι
1289 1110 1410 1194 πολλῷ
1433 1115 1553 1192 τηλαυ

247 1207 406 1290 γέστερον
426 1209 482 1274 καὶ
504 1207 715 1290 σαφέστερον
735 1209 965 1294 γεγραμμένον
988 1201 1051 1275 τὸν
1072 1201 1147 1276 υίὸν
1168 1209 1231 1276 τοῦ
1249 1208 1342 1277 θεοῦ,
1363 1209 1419 1272 καλ
1433 1204 1553 1284 καθὼς

247 1298 438 1388 παράταξιν
464 1298 642 1391 ποιήσουσι
668 1309 720 1392 τῷ
743 1308 882 1393 Χριστῷ
908 1311 1034 1376 πολλοὶ
1059 1311 1217 1388 βασιλεῖς,
1247 1309 1424 1392 μισοῦντες
1446 1298 1554 1374 αὐτὸν

245 1406 300 1471 καί
323 1399 403 1482 τούς
426 1406 621 1490 φοροῦντας
642 1399 684 1472 τό
707 1395 815 1491 ὄνομα
835 1399 941 1475 αὐτοῦ
962 1409 1018 1472 καί
1034 1402 1115 1484 τοὺς
1128 1401 1271 1484 πιστοός
1284 1397 1399 1484 αὐτοῦ,
1414 1409 1470 1470 καλ
1486 1399 1551 1490 τήν

246 1493 424 1620 ήπομονήν
452 1507 507 1572 καί
539 1499 604 1622 τήν
633 1507 819 1588 παρουσίαν
849 1498 979 1622 αὐτοῦ.ι
1030 1503 1102 1572 εἶτα
1132 1501 1181 1571 ἐνὶ
1212 1496 1304 1590 λόγῳ
1335 1497 1587 1572 πυνθάνετοιθ

197 1613 229 1668 10
247 1593 355 1686 ἡμῶν·
380 1591 479 1682 ιόλος
501 1595 577 1672 δὲ’
558 1629 577 1672 ο
599 1596 724 1688 κόσμος
745 1609 800 1672 καί
821 1631 864 1674 τα
851 1601 984 1672 “”ἐν
936 1631 987 1692 τῳ
1002 1597 1117 1691 κόσμῳ
1133 1609 1243 1686 τίνας;
1265 1595 1337 1688 066
1354 1605 1416 1670 τοῦ
1432 1605 1530 1683 θεοῦ;
1534 1629 1546 1662 ι

246 1697 301 1769 διά
332 1696 437 1770 τοῦτό
468 1723 572 1820 φησιν
594 1693 613 1770 6
636 1705 767 1822 Πέτρος
792 1706 958 1826 εἰρηκέναι
984 1699 1048 1772 τόν
1077 1699 1197 1790 κόριον
1227 1717 1300 1784 τοις
1329 1695 1550 1780 ἀποστόλοις·
1568 1709 1588 1762 θ

249 1795 326 1868 »ἐάν
359 1803 420 1888 μέν
456 1789 518 1870 οόν
553 1828 605 1882 τις
640 1797 768 1890 θελήσῃ
805 1807 868 1872 τοῦ
896 1797 1023 1890 Ἰσραήλ
1052 1797 1263 1923 μετανοήσας
1293 1799 1348 1871 διά
1381 1803 1444 1870 τοῦ
1474 1793 1551 1870 όνό-

244 1893 350 2018 ματής
370 1925 437 1986 μου
458 1897 630 1970 πιστεύειν
656 1903 711 1970 ἐπί
738 1899 802 1972 τόν
829 1895 923 1984 θεόν,
953 1897 1189 1990 άφεθήσονται
1213 1896 1308 1989 αὐτῷ
1331 1902 1364 1970 αί
1386 1893 1552 1986 άμαρτίαι.

243 1997 329 2086 μετά
351 2003 419 2086 <δὲ>
442 1999 620 2070 δαάδεκα”
605 2027 663 2088 ετη
694 2003 849 2086 ἐξέλθετε
877 2003 923 2082 είς
950 1997 1013 2072 τόν
1039 1997 1176 2089 κόσμον,
1207 1996 1252 2090 μή
1276 2027 1327 2080 τις
1349 2001 1438 2086 είπη·
1474 1994 1553 2068 »οὐκ

132 2113 139 2134 ·
195 2111 227 2164 λίι
246 2093 472 2188 6206066611«

331 2201 381 2268 VL
409 2191 496 2270 Ἀλλ’
519 2195 567 2280 ιός
596 2197 684 2269 κατὰ
715 2197 836 2288 καιρόν
867 2195 939 2288 ήκει
970 2197 1010 2270 τὸ
1041 2196 1193 2288 κήρυγμα
1224 2204 1294 2282 νῦν,
1326 2191 1438 2280 οὕτως
1463 2197 1551 2269 κατά
1570 2203 1648 2268 44.1

244 2294 365 2384 καιρὸν
395 2293 501 2388 ἐδόθη
519 2293 639 2420 νόμος
672 2303 734 2384 μὲν
767 2305 822 2370 καί
858 2303 1041 2420 προφῆται
1069 2295 1261 2386 βαρβάροις
1299 2305 1485 2384 φιλοσοφία
1515 2304 1551 2368 δὲ

239 2387 388 2486 Ἕλλησι,
419 2395 481 2478 τὰς
507 2391 612 2478 άιιοάς
637 2401 796 2484 ἐθίζουσα
820 2397 906 2486 πρὸς
933 2395 973 2468 τό
1000 2394 1160 2486 κήρυγμα.
1206 2403 1311 2484 »λέγει
1333 2401 1416 2486 γοῦν
1436 2395 1587 2484 κόριοςῖ

245 2489 502 2584 όρυσάμενος’
498 2493 633 2586 Ισραήλ·
668 2503 776 2588 καιρῷ
804 2503 913 2587 δεκτῷ
940 2493 1111 2585 ἐπήκουσά
1137 2519 1199 2568 σου
1222 2503 1278 2566 καὶ
1300 2489 1465 2613 66-66666
1486 2521 1549 2567 σω

193 2613 227 2666 20
245 2601 363 2682 τηρίας
392 2591 563 2683 ἐβοήθησά
593 2619 659 2675 σοι,
691 2591 802 2666 ἔδωκά
827 2621 863 2666 σε
891 2569 937 2678 ἐίς
967 2593 1137 2684 διαθήκην
1162 2600 1280 2666 ἐθνῶν
1302 2600 1365 2665 τοῦ
1386 2619 1550 2684 κατασκη-

245 2700 351 2764 νῶσαι
374 2691 440 2782 τήν
461 2699 602 2784 γῆνκαὶ
623 2701 876 2785 κληρονομῆσαι
897 2702 1125 2786 κληρονομίαν
1146 2690 1279 2784 ἐρήμου,
1311 2699 1454 2782 λέγοντα
1477 2714 1550 2777 τοις
1619 2737 1623 2748 ·

244 2795 281 2863 ἐν
302 2797 448 2882 δεσμοῖς·
470 2795 636 2916 ἐξέλθετε,
658 2801 714 2864 καὶ
736 2812 810 2876 τοις
832 2797 869 2864 ἐν
891 2801 943 2884 τῷ
965 2791 1403 2882 σκότειάνοκαλυφθήναι.ι
1441 2799 1471 2864 εί
1485 2793 1585 2914 766⁸

244 2897 370 2981 δέσμιοι
390 2897 452 2982 μέν
471 2887 631 2976 ’,Ισυδαλοι
653 2886 711 2978 ἐφ’
735 2883 787 2963 τόν
807 2901 863 2964 καὶ
885 2889 905 2966 6
926 2892 1040 2982 κόριος
1064 2923 1077 2958 ι
1083 2899 1255 2980 ἐξέλθετει
1281 2895 1374 2966 εἶπεν
1398 2897 1452 2964 »ἐκ
1475 2899 1549 2964 τῶν

244 2997 377 3081 δεσμῶν
398 2994 431 3062 σί
453 2996 646 3076 θίλοντεςι,
670 2990 751 3074 τοδς
772 2993 933 3075 ἑκουσίως
955 2999 1149 3081 δεδεμένους
1164 2999 1218 3063 καί
1237 3023 1299 3064 ιτα
1285 2989 1548 3078 δυσβάστακτα

191 3109 225 3164 26
243 3097 388 3180 φορτίαι
413 3095 543 3180 (φησίν)
564 3086 681 3174 αὐτοῖς
707 3091 761 3162 διὰ
788 3097 850 3180 τῆς
871 3087 1096 3182 άνθροιειίνης
1117 3091 1404 3216 παρεγχειρήσεως
1426 3097 1547 3164 ἐπανα-

244 3197 405 3280 θεμένους
435 3197 555 3280 λέγων,
587 3187 748 3280 δήλουι
720 3221 768 3272 ως
794 3195 827 3262 οί
856 3196 911 3262 »ἐν
940 3191 1070 3264 σκότειι
1100 3183 1198 3263 οὗτοι
1223 3190 1267 3262 άν
1293 3193 1360 3262 εἷεν
1385 3195 1459 3262 σίέ
1444 3197 1483 3262 ἐν
1503 3201 1546 3282 τῇ

243 3295 502 3382 είδωλολατριία
522 3297 828 3382 κατορωρυγμένον
849 3289 1041 3380 ἔχοντες
1005 3319 1046 3362 το
1069 3285 1277 3380 ἡγεμονικόν.
1313 3310 1385 3372 τοῖς
1405 3291 1518 3380 μὲν
1483 3319 1545 3380 γαρ
1563 3299 1582 3353 4

325 3509 343 3564 2
367 3509 422 3576 τρΙ.
441 3507 527 3564 Ειοδ.
546 3513 569 3575 1,
588 3509 603 3562 7
684 3511 766 3566 θ-θ.
787 3513 825 3566 1⁰
846 3507 1057 3566 νίε11.ιιιιιδσο
1075 3509 1198 3580 Πράξεις
1216 3509 1342 3572 Παίλους
1362 3509 1417 3580 vgl.
1438 3529 1460 3564 v.
1475 3510 1546 3564 Dob-

242 3595 336 3648 schfltz
353 3593 400 3648 ΤΠ
419 3593 456 3648 xl
477 3597 489 3647 1
509 3593 535 3648 8.
555 3593 701 3660 123-127;
724 3593 860 3661 Ποντικὰ,
880 3595 976 3650 Πεοοὴ.
995 3593 1021 3646 d.
1039 3593 1137 3650 altchr.
1157 3594 1232 3648 1661
1250 3594 1350 3656 8.129;
1369 3593 1393 3646 11
1413 3599 1425 3646 l
1445 3597 1470 3647 S.
1482 3595 1546 3658 4923

241 3679 325 3744 λιστα,
343 3678 439 3734 emh.
457 3677 484 3732 δ.
502 3677 552 3732 αλλ.
571 3677 683 3734 Κουοαι
701 3679 725 3732 ll
744 3683 760 3736 2
777 3679 803 3733 S.
820 3679 898 3734 8211.
917 3681 967 3734 879
1053 3679 1071 3734 6
1093 3667 1167 3733 Uber
1183 3677 1332 3750 Hystaspes
1351 3677 1405 3748 vgl.
1422 3677 1546 3740 Schurer,

242 3763 338 3818 Goech.
356 3763 382 3817 d.
397 3761 456 3832 jud.
478 3761 579 3816 Volkes
599 3762 620 3814 11
640 3763 665 3816 S.
678 3763 761 3830 8086
779 3763 916 3826 flua-nack,
934 3780 958 3818 ιι
971 3781 995 3818 τι
1009 3762 1065 3818 0.1
1084 3765 1107 3814 S.
1126 3763 1178 3819 863
1195 3761 1241 3816 Nr.
1259 3763 1304 3824 813
1324 3763 1478 3818 1118689

244 3849 355 3904 12-15
374 3847 511 3916 Kerygma
526 3845 600 3900 Petri
613 3846 654 3900 Fr.
667 3851 684 3900 66
701 3867 725 3903 ν.
738 3847 894 3904 Ποδισίιθλε
905 3847 952 3902 ΤΠ
966 3847 1004 3901 XI
1018 3851 1031 3900 1
1045 3847 1069 3901 S.
1082 3849 1128 3910 22;
1146 3847 1202 3915 τρΙ.
1214 3844 1381 3916 Hilgenfeld,
1394 3845 1461 3900 Nov.
1473 3845 1545 3900 606.

241 3935 321 3988 extra
337 3949 397 3986 σου.
415 3949 468 3987 τεο.
486 3931 543 3984 1v²
563 3949 589 4002 p.
607 3933 653 3994 δίλς
671 3931 767 3990 Πεευλι.
785 3931 917 4002 Ampha
934 3933 959 3986 S.
977 3933 1051 3988 4261
1127 3931 1191 3988 141
1206 3931 1260 4002 vgl.
1279 3931 1378 3986 suom.
1396 3931 1433 3984 Vl
1451 3933 1497 3990 48.
1516 3933 1544 3990 9:

241 4015 404 4085 Apollonios
421 4017 466 4072 bei
478 4015 575 4072 Ποισο.
595 4015 672 4070 1111.
691 4015 713 4068 V
734 4017 819 4080 1614
837 4015 888 4072 τὸν
906 4014 1020 4088 σωτῆρά
1038 4033 1122 4086 φησιν
1140 4014 1363 4088 προστεταχέναι
1380 4021 1441 4080 τοῖς
1459 4013 1545 4070 αὐτοῦ

240 4095 412 4165 ἀποστόλοις
429 4097 476 4156 ἐπί
493 4097 603 4156 δάιδειια
621 4095 713 4156 ἐτεσιν
728 4102 767 4170 μή
785 4105 961 4173 χωρισθῆναι
980 4106 1027 4167 τῆς
1045 4093 1238 4170 Ἰερουσαλήμ.
1273 4098 1383 4156 Andura
1401 4099 1505 4154 Stellen
1524 4117 1544 4156 ε.

239 4183 283 4238 bei
303 4201 327 4238 v.
341 4183 498 4240 nob-0662
515 4187 540 4237 S.
559 4187 615 4240 636
688 4185 800 4241 18-22
818 4185 870 4238 1ου
889 4187 935 4248 49,
953 4187 1020 4238 7-9
1089 4185 1156 4240 281
1171 4183 1311 4239 vielleieht
1332 4182 1377 4238 ein
1395 4183 1544 4254 Agmphon

275 4267 340 4324 w
360 4267 415 4335 vgl.
434 4267 500 4322 Luk.
520 4273 560 4336 11,
577 4273 612 4324 46
630 4269 738 4324 matth.
756 4271 797 4334 23,
815 4271 842 4336 4)
918 4269 955 4324 27
977 4267 1030 4338 vgl.
1050 4267 1131 4322 Plato
1150 4269 1213 4338 Περ.
1232 4267 1282 4320 Vll
1301 4285 1326 4338 p.
1340 4267 1427 4322 5331)
1444 4266 1477 4322 τδ
1495 4273 1545 4334 τῆς

240 4358 329 4422 φυχῆς
346 4347 425 4420 ὄμμα
443 4352 700 4426 κατορωριγμένον

324 4539 342 4591 8
369 4535 459 4606 λέγων
477 4537 610 4608 [Παῦλος]
628 4537 694 4593 odor
712 4537 824 4602 Παῦλος
841 4537 933 4608 λέγων
950 4538 981 4591 st
1066 4537 1104 4590 10
1133 4541 1173 4608 τῷ
1191 4553 1257 4590 οοτι.
1276 4553 1325 4590 σοι
1347 4535 1423 4612 αὐτῷ
1442 4537 1475 4590 6¹

241 4622 276 4676 12
295 4623 474 4690 μετανοήσας
485 4623 520 4690 Sy
533 4628 708 4690 μετανοῆσαι
721 4621 741 4674 L
812 4623 850 4678 16
863 4623 936 4689 (καθ
950 4619 1091 4676 πιστεύειν
1105 4619 1223 4674 Οτεδαιτ
1291 4627 1474 4690 ίμετανοῆσαι
1486 4663 1492 4675 .
1503 4663 1509 4676 .
1521 4638 1542 4686 .)

238 4705 378 4760 πισιείων
398 4705 471 4774 ΗίΙμ.
555 4709 591 4762 14
612 4708 665 4764 1δέ
687 4705 843 4762 Πολιεοίιῠίτ.
923 4707 962 4762 25
981 4704 1077 4768 αὐτοῖς
1095 4703 1115 4758 L
