3718 5530
566 563 705 620 Stromta
721 563 754 618 V.
777 563 842 634 Cap.
854 563 888 618 X.
906 563 948 628 δέ),
960 561 1077 634 δ-Οορ.
1089 563 1136 620 xl.
1154 565 1195 628 θλ,
1207 565 1232 618 3.
1489 573 1546 635 371

241 719 325 814 μήτε
354 721 432 795 τινὰ
463 731 538 796 τῶν
564 723 681 798 ἄλλων
705 723 899 816 αἰσθήσεων
921 722 1160 816 ἐφελκόμενος,
1193 723 1266 798 ἀλλ’
1288 723 1383 818 αῦτῴ
1405 735 1548 817 καθαρῷ

243 829 295 912 τῷ
317 830 367 914 νῷ
390 841 463 904 τοίς
484 821 676 914 πράγμασιν
697 822 915 914 ἐντυγχάνων
943 827 1007 916 τῆν
1029 823 1142 916 ἀληθῆ
1165 835 1373 914 φιλοσοφίαν
1394 833 1550 916 μέτεισιν.

244 929 349 994 τοῦτο
377 922 442 1010 ἀρα
467 923 623 1008 βούλεται
644 932 701 996 καὶ
723 931 773 1014 τῷ
796 923 983 1018 Πυθαγόρᾳ
1008 923 1027 1016 ῆ
1050 933 1110 1016 τῆς
1130 933 1332 1008 πενταετίας
1354 923 1480 1016 σιωπή,
1507 921 1587 1014 ῆνδ

243 1040 317 1106 τοῖς
339 1029 521 1112 γνωρίμοις
542 1031 722 1118 παρεγγυᾷ,
746 1027 793 1108 ἀς
816 1024 856 1114 δῆ
878 1021 1158 1116 ἀποστραφέντες
1173 1033 1247 1098 τῶν
1263 1029 1441 1114 αἰσθητῶν
1457 1031 1548 1114 ψιλῷ

208 1130 293 1213 δτῷ
317 1129 367 1213 νῷ
388 1121 430 1192 τὸ
453 1135 550 1194 θετον
571 1121 802 1196 ἐποπτεόοιεν.
830 1125 989 1213 ιεπαρὰ
1012 1132 1181 1208 Μωυσέως
1203 1131 1346 1196 τοιαῦτα
1361 1121 1549 1214 φιλοσοφῆ·

242 1247 362 1306 σαντες
383 1225 415 1294 οί
439 1229 512 1294 τῶν
533 1217 705 1312 Ἑλλήνων
727 1223 834 1312 ἄκροι.
876 1221 1079 1310 προστάσσει
1106 1224 1169 1314 γὰρ
1195 1223 1256 1294 »τά
1277 1219 1550 1310 ὁλοκαυτώματα
1569 1237 1587 1292 4

242 1327 417 1408 δείραντας
441 1329 486 1406 είς
506 1329 589 1413 μέλη
612 1327 807 1412 διανείμαιι,
830 1324 944 1414 ἐπειδὴ
966 1322 1096 1414 γυμνὴν
1119 1329 1178 1412 τῆς
1200 1319 1315 1413 ῦλικῆς
1338 1329 1440 1410 δορᾶς
1458 1351 1549 1410 γενσ·

243 1427 349 1510 μένην
371 1420 437 1510 τῆν
458 1421 652 1512 γνωστικὴν
673 1422 785 1512 ψυχῆν
811 1421 891 1494 ἀνευ
913 1431 974 1514 τῆς
997 1429 1190 1512 σωματικῆς
1213 1429 1378 1510 φλυαρίας
1399 1431 1454 1492 καὶ
1477 1429 1550 1492 τῶν

243 1527 371 1592 παθῶν
402 1516 555 1599 πάντων,
588 1515 649 1592 ὅσα
673 1530 907 1610 περιποιοῦσιν
935 1529 967 1596 αί
994 1531 1086 1594 κεναὶ
1112 1529 1168 1592 καὶ
1195 1527 1326 1608 ψευδεῖς
1352 1517 1548 1610 ὑπολήψεις.

191 1635 226 1688 10
242 1615 503 1710 άπσδυσαμένην
538 1619 599 1704 τὰς
635 1623 794 1710 σαρκικάς
829 1627 1023 1710 ἐπιθυμίας,
1054 1625 1105 1710 τῷ
1134 1629 1224 1708 φωτὶ
1256 1627 1515 1710 καθιερωθῆναι

242 1713 378 1810 ἀνάγκη.
423 1719 453 1790 οί
476 1723 511 1790 δὲ
533 1731 686 1792 πλεῖστοι
708 1729 782 1792 τῶν
809 1717 1009 1808 ἀνθρώπων
1031 1721 1072 1790 τῦ
1095 1717 1229 1810 θνητόν
1250 1716 1442 1808 ἐνδυόμενοι
1464 1731 1547 1790 καθ·
1566 1729 1732 1796 mesum

242 1815 329 1908 άπερ
359 1819 391 1891 οί
420 1827 553 1907 κοχλίαι
581 1827 586 1908 l
612 1827 667 1892 καί
698 1829 774 1908 περὶ
805 1819 867 1902 τὰς
899 1817 1015 1892 οῦτῶν
1044 1817 1203 1910 ἀκρασίας
1234 1817 1347 1906 ὥσπερ
1380 1823 1413 1892 οί
1444 1824 1548 1910 ἐχῖνοι
1566 1831 1650 1887 6871)

242 1915 432 2008 σφαιρηδὸν
454 1917 641 2042 εἱλούμενοι
663 1927 739 2006 περὶ
764 1927 825 1990 τοῦ
847 1929 1013 2008 μακαρίου
1031 1929 1086 1992 καὶ
1102 1917 1286 2006 ἀφθάρτου
1307 1925 1391 1990 θεοῦ
1407 1925 1549 1990 τοιαῦτα

242 2017 298 2088 οία
327 2025 383 2088 καὶ
413 2025 489 2108 περὶ
519 2017 636 2090 αῦτιῦν
663 2017 745 2090 δο“’
706 2031 869 2106 αζοισιν.
912 2015 1116 2109 λέληθενδ’
1140 2015 1275 2104 αῦτοός,
1310 2015 1375 2088 κάν
1381 2027 1586 2142 πλησίονδ

191 2133 223 2186 15
243 2113 341 2206 ημῶν
372 2115 528 2206 τόχωσιν,
562 2149 609 2200 ως
640 2128 740 2208 μυρία
772 2115 834 2190 όσσ
864 2120 1053 2208 δεδώρηται
1085 2115 1164 2207 ημῐν
1190 2115 1209 2190 ό
1237 2115 1333 2204 θεός,
1365 2109 1415 2188 οῦν
1446 2115 1549 2204 αῦτῦς

243 2213 417 2306 ἀμέτοχος,
451 2222 581 2306 γένεσιν
608 2245 669 2308 μεν
700 2215 864 2308 ἀγένητος
895 2216 955 2302 ὧν,
987 2217 1122 2308 τροφῆν
1149 2226 1184 2290 δε
1212 2215 1426 2308 ἀνενδεῆς”
1403 2248 1463 2302 ων,
1494 2227 1548 2290 καὶ

243 2345 284 2386 αι
273 2309 380 2404 ξησιν
402 2319 441 2386 ἐν
462 2313 641 2408 ἰσότητι
617 2347 677 2395 ων,
701 2314 855 2406 εὐγηρίαν
878 2347 914 2388 τε
937 2325 992 2388 καὶ
1014 2315 1222 2389 εῦθανασίαν
1244 2313 1419 2400 ἀθάνατός
1442 2327 1548 2392 τεκαὶ

243 2413 379 2504 άγηρως
409 2413 580 2504 ῦπάρχων.
623 2415 675 2488 διὸ
706 2445 760 2488 και
787 2435 896 2504 χεῖρας
923 2425 976 2488 καί
1005 2415 1112 2499 πόδας
1133 2423 1188 2487 καί
1211 2415 1319 2504 στόμα
1340 2423 1395 2487 καί
1419 2411 1587 2504 ὀφθαλδ

244 2514 328 2604 μοῦς
349 2521 403 2584 καὶ
426 2511 576 2598 εἰσόδους
598 2525 653 2586 καὶ
675 2513 811 2602 ἐξόδους
832 2523 888 2586 καὶ
911 2512 1013 2606 όργάς
1035 2523 1090 2586 καὶ
1117 2511 1258 2596 ἀπειλὰς
1279 2513 1323 2604 μὴ
1345 2513 1442 2604 πάθη
1466 2523 1550 2588 θεοῦ

193 2627 228 2682 20
246 2641 297 2696 τις
327 2611 480 2702 ἀπολάβη
511 2615 603 2704 παρὰ
623 2611 786 2706 Ἑβραίοις
817 2621 986 2704 λέγεσθαι,
1017 2621 1192 2705 μηδαμῶς,
1224 2611 1483 2704 άλληγορείσθαι
1514 2623 1551 2686 δέ

246 2741 322 2784 τινα
343 2717 379 2784 ἐκ
404 2713 539 2784 τούτων
562 2721 635 2786 τιῦν
657 2709 841 2804 όνομάτων
867 2709 1065 2802 ὁσιώτερον,
1096 2711 1117 2784 ἀ
1140 2714 1179 2804 δῆ
1203 2719 1257 2784 καὶ
1279 2711 1465 2804 προϊόντος
1487 2723 1551 2786 τοῦ

246 2809 351 2902 λόγου
372 2811 459 2884 κατά
483 2811 545 2885 τὸν
568 2819 693 2886 οίκειον
713 2811 834 2902 καιρόν
855 2811 1113 2904 διασαφῆσομεν.

330 3071 404 3130 8-5
423 3074 478 3144 vgl.
496 3073 652 3130 Theodora
670 3075 715 3128 Gr.
734 3075 778 3130 1111.
797 3091 819 3130 c.
839 3075 847 3128 l
867 3075 909 3130 δῦ.
928 3075 979 3130 128
1058 3073 1102 3130 81
1117 3074 1172 3144 vgl.
1191 3073 1289 3140 zonat,
1309 3075 1378 3128 Phil.
1397 3075 1423 3130 ἀ
1442 3075 1549 3130 (λτίοσο.

245 3158 277 3212 1³
295 3155 323 3214 S.
339 3159 413 3212 315³
501 3159 545 3214 111
567 3158 631 3214 Ιιον.
651 3161 714 3226 1,θ
802 3159 898 3215 6-11
929 3157 985 3228 ng
1009 3157 1089 3212 Philo
1112 3159 1153 3214 De
1180 3158 1268 3214 εοετίί.
1291 3159 1342 3214 Ab.
1366 3161 1394 3214 εί
1416 3159 1493 3214 Cain.
1515 3161 1549 3214 84

244 3244 265 3296 ιΙ
285 3261 310 3314 p.
330 3243 379 3296 179
391 3243 430 3310 Μ)
455 3241 661 3316 προστέτακται
683 3241 782 3312 μέντοι
798 3243 847 3299 καί
867 3243 915 3298 »τὸ
934 3239 1122 3310 δλοκαέτωμα
1140 3245 1287 3312 δείραντας
1304 3241 1345 3308 είς
1361 3241 1432 3312 μέλη
1449 3245 1549 3300 διανεῖ-

243 3347 326 3394 μοιι.
354 3322 423 3398 ὑπὲρ
451 3333 501 3382 τοῦ
527 3333 643 3398 πρῶτον
669 3325 722 3396 μὲν
748 3329 854 3398 γυμνὴν
880 3321 949 3382 ἀνευ
975 3325 1196 3396 σκεπασμάτων,
1224 3323 1279 3384 θσα
1301 3335 1498 3396 περιποιοῦσιν
1520 3325 1550 3384 αί

243 3411 323 3466 κεναί
340 3413 390 3466 καί
408 3415 521 3478 ψευδεῖς
539 3409 705 3480 ὑπολήψεις,
724 3413 775 3480 τῆν
793 3413 886 3480 ψιγην
904 3416 1036 3482 φανῆναι.
1123 3413 1187 3468 101
1211 3413 1266 3482 ng
1287 3413 1295 3466 1
1316 3413 1430 3478 Pom,
1449 3415 1479 3466 11

246 3496 359 3550 11-14
383 3495 438 3566 vgl.
457 3495 537 3550 Philo
556 3513 580 3550 α
598 3513 622 3550 ιι.
640 3495 670 3550 0.
688 3497 722 3548 115
740 3504 775 3566 (p.
793 3495 898 3562 18211)
926 3493 967 3559 είς
987 3495 1020 3551 τδ
1042 3495 1149 3563 θνητὸν
1171 3495 1347 3566 είσδυδμενοι
1368 3495 1502 3566 καθάπερ
1521 3493 1550 3552 οί

243 3581 355 3650 κοχλίαι
381 3583 430 3634 καί
457 3581 522 3652 περὶ
549 3577 666 3644 ἑαυτοὺς
687 3572 785 3650 ὥσπερ
809 3577 838 3634 σί
859 3575 947 3648 ἐχῖνοι
971 3577 1127 3650 σφαιρηδὸν
1149 3577 1309 3650 εἱλούμενοι
1331 3579 1399 3650 [καί]
1417 3581 1482 3648 περί
1498 3587 1549 3636 τοτ’·

243 3665 387 3734 μακαρίον
409 3665 458 3720 καί
480 3661 632 3736 ἀφθάρτου
654 3665 690 3721 τὰ
713 3661 784 3720 αίπδι
802 3657 821 3718 ἀ
838 3665 888 3718 καί
905 3665 971 3734 περί
989 3661 1097 3720 ἑαυτῶν
1115 3663 1280 3732 δοξάζομεν.
1362 3665 1475 3720 14-18
1494 3663 1548 3734 vgl.

246 3749 325 3804 Philo
348 3767 372 3804 ε.
391 3767 415 3804 α
434 3749 465 3804 Ο.
483 3751 518 3806 98
540 3751 575 3820 (p.
595 3751 700 3818 18211)
731 3749 818 3820 μυρία
843 3745 899 3818 γὰρ
926 3749 992 3816 ἡμῖν
1019 3751 1035 3818 η
1063 3747 1144 3816 φίσις
1169 3746 1358 3820 ἐπιβάλλοντα
1385 3745 1550 3820 ἀνθρώπων

244 3831 319 3902 γένει
341 3831 510 3906 δεδώρηται,
533 3823 574 3888 ὧν
592 3831 733 3906 ἀμέτοχος
750 3831 885 3888 ἁπάντων
904 3829 979 3888 ἐστίν
996 3831 1078 3903 αδτὴ,
1097 3831 1207 3903 γένεσιν
1224 3830 1362 3904 ἀγένητος
1379 3823 1462 3896 οῦσσ,
1485 3851 1548 3902 τρο·

244 3919 300 3986 φῆν
325 3925 433 3990 τροφῆς
460 3916 494 3974 οῦ
519 3919 651 3988 δεομένη,
678 3915 793 3988 αὔξησιν
820 3913 850 3972 έν
873 3913 965 3988 δμοίφ
987 3915 1125 3986 μένουσα,
1152 3915 1203 3984 τὰς
1223 3916 1296 3972 κατὰ
1317 3915 1425 3987 χρόνον
1442 3917 1550 4000 ἡλικίας

244 3997 394 4072 ἀφαίρεσιν
417 4001 434 4070 ῆ
457 4001 613 4076 πρόσθεσιν
632 4001 684 4060 οίικ
701 3999 893 4074 ἐπιδεχομένη.
930 4005 980 4056 1111
1002 3999 1118 4072 εὐγηρία
1136 4003 1184 4056 καλ
1202 3999 1360 4056 εθθανασία
1444 4001 1485 4056 ὡν
1504 3998 1549 4056 οῦ

244 4083 359 4156 δετέροι·
380 4085 519 4150 κοινωνὸς
541 4089 556 4158 η
580 4087 661 4158 φίοις
684 4083 797 4156 ἀγήρως
814 4103 843 4142 τε
861 4087 910 4141 καλ
928 4083 1075 4152 ἀθάνατος
1094 4077 1173 4142 οὖσα.
1255 4085 1368 4142 18—20
1396 4085 1450 4154 vgl.
1469 4083 1549 4140 Philo

245 4183 268 4220 α
288 4185 311 4221 ε.
325 4169 355 4222 Ο.
374 4171 407 4222 911
425 4167 470 4224 διὰ
488 4177 572 4226 τοῦτο
589 4179 695 4244 χεῖρας,
714 4171 810 4236 πόδας.
829 4167 964 4236 εἰσόδους,
982 4167 1104 4237 ἐξόδοις,
1123 4163 1236 4240 ἔχθρας,
1255 4165 1449 4240 ἀποστροφάς,
1467 4165 1549 4224 ἀλλο-

244 4249 384 4324 τριώσεις,
403 4249 492 4324 ὀργάς
509 4255 811 4326 προσαναπλιίττσμεν,
830 4253 960 4310 ἀνοίκεια
976 4257 1027 4310 καί
1043 4253 1115 4324 μέρη
1133 4255 1182 4310 καί
1195 4251 1275 4322 πάθη
1287 4259 1338 4308 τοῦ
1350 4249 1450 4308 αίτίοε.
1486 4252 1549 4323 Vgl.

246 4339 316 4392 auch
335 4337 415 4392 Philo
434 4337 475 4394 De
493 4357 579 4394 somn.
600 4341 608 4392 1
628 4343 678 4396 235
696 4339 717 4406 (1
738 4357 762 4410 p.
780 4339 882 4406 1151111)

330 4561 350 4618 ἐ
368 4569 527 4634 παρεγγυᾱι
545 4581 613 4618 corr.
631 4583 680 4618 τοι
698 4569 866 4634 παρεγγιίᾶι
885 4563 918 4616 ίιί
937 4559 1088 4634 παρηγγύα
1105 4559 1313 4616 Βίίδοτεθεσεοο
1330 4579 1362 4616 το
1381 4561 1481 4634 Porph.
1494 4561 1548 4616 Vir.

245 4645 325 4716 Pyth.
348 4663 372 4716 ρ.
393 4651 436 4709 13,
455 4667 471 4703 ι
564 4649 583 4704 5
610 4653 682 4704 εἰπε
705 4644 878 4718 (ὠφέληνται
895 4645 939 4702 δέθ
963 4644 1041 4716 παρὰ
1058 4645 1137 4700 Sehw
1155 4663 1180 4700 u.
1200 4647 1231 4700 st
1320 4647 1355 4702 11
1376 4643 1550 4704 εῦθσνασίαν

245 4731 370 4786 Ατοετίυε
392 4733 452 4789 {wie
471 4733 561 4789 Philo}
580 4731 742 4790 ἀθανασίαν
761 4733 781 4786 1.
1288 4817 1341 4870 24*
