3704 5530
582 559 722 614 θίτοαιεία
739 557 784 612 vl.
807 557 871 630 Cap.
885 555 957 614 xvl.
976 561 1032 624 144,
1045 559 1154 628 6-148,
1166 561 1190 614 2.
1478 565 1538 626 507

229 725 360 808 πατέρα
382 725 418 792 δὲ
440 727 495 792 καί
515 727 519 808 Ι
538 717 657 810 κύριον
679 717 848 792 τὸνθεόν
871 725 957 808 λέγει
979 727 1106 808 σαφῶς.
1143 721 1196 794 διό
1218 729 1274 792 καί
1291 723 1371 804 τοῦς
1386 717 1540 810 ἐπιγνόν-
1557 729 1673 788 29281

230 847 290 900 τας
321 815 428 892 αῦτόν
461 819 554 904 υίοῦς
585 815 781 908 ἀναγορεύει
811 826 866 890 καί
898 817 1008 902 θεούς.
1050 819 1166 908 κύριος
1197 813 1259 894 οῦν
1288 829 1345 894 καί
1374 821 1489 910 πατὴρ
1519 815 1540 892 ό

229 927 368 1006 κτίστης
388 914 546 1006 πάντων,
574 917 684 1010 μῆτηρ
707 925 743 990 δὲ
765 915 835 1009 ούχ,
867 915 916 1000 ὥς
939 945 1037 1002 τινες.
1065 917 1205 1010 ῆούσία
1226 925 1261 1008 ἐξ
1284 913 1323 1012 ῆς
1345 915 1539 1010 γεγόναμεν,

230 1013 314 1102 ούδ’,
343 1015 390 1102 αός
413 1019 523 1108 ἕτεροι
545 1019 778 1090 ἐκδεδαίκασιν.
806 1015 1019 1108 ῆέκιιλησία,
1043 1017 1122 1092 ἀλλ’
1146 1015 1167 1110 ἡ
1193 1027 1271 1092 θεία
1297 1027 1420 1110 γνῶσις
1441 1028 1496 1092 καί
1520 1015 1540 1110 ῆ

195 1127 342 1206 ὁσοφία,
374 1115 422 1200 ὥς
455 1141 536 1207 φησι
559 1117 740 1204 Σολομιόν,
771 1125 897 1206 μητέρα
927 1123 1070 1192 δικαίων
1099 1114 1283 1191 ἀνακαλῶν
1313 1119 1378 1210 τῆν
1408 1127 1541 1206 σοφίαν.

229 1225 285 1290 καί
316 1219 386 1288 ἔστι
418 1213 465 1288 δι’
490 1213 598 1306 αῦτῆν
628 1215 752 1306 αίρετῆ.
795 1225 865 1290 πᾶν
892 1245 929 1288 τε
956 1211 999 1289 αῦ
1024 1218 1066 1288 τό
1092 1219 1200 1292 καλὸν
1226 1227 1280 1291 καί
1305 1217 1428 1310 σεμνόν
1449 1217 1541 1308 παρὰ

231 1325 292 1392 τοῦ
315 1324 399 1390 θεοῦ
421 1313 468 1390 δι’
492 1319 567 1391 υίοῦ
589 1317 817 1406 γιγνώσκεται.

304 1427 445 1508 ’ίίπεται
469 1431 585 1524 τούτῳ
609 1427 628 1504 6
650 1441 725 1524 περὶ
751 1443 899 1524 μοιχείας
922 1431 1030 1524 λόγος.
1073 1431 1258 1526 μοιχείαδ’
1281 1439 1383 1516 ἐστίν,
1406 1427 1466 1506 ἐόν
1489 1445 1577 1518 τιςΙ

231 1535 432 1608 καταλιπων
454 1533 521 1624 τῆν
534 1533 822 1656 ἐιικλῆσιαστικῆν
843 1541 897 1604 καί
919 1531 1033 1634 ἀληθῆ
1055 1543 1183 1624 γνῶσιν
1204 1541 1259 1606 καί
1282 1533 1347 1626 τῆν
1366 1541 1440 1622 περί
1457 1539 1541 1606 θεοῦ

182 1651 216 1704 10
233 1631 393 1724 διάληψιν
421 1637 475 1704 ἐπὶ
503 1633 569 1722 τῆν
593 1633 639 1724 μῆ
651 1631 904 1756 προσήκουσαν
927 1637 1064 1724 ἔρχηται
1088 1641 1195 1725 σευδῆ
1218 1632 1333 1722 δόξαν,
1364 1631 1443 1750 ῆτοι
1464 1643 1542 1706 θεσ-

233 1741 347 1806 ποιῶν
374 1761 407 1803 τι
434 1739 508 1802 τῶν
534 1739 690 1822 γενητῶν
713 1727 732 1822 ῆ
754 1739 809 1804 καί
837 1729 1118 1806 ἀνειδωλοποισῦν
1141 1765 1174 1806 τι
1197 1742 1269 1806 τῶν
1291 1733 1336 1855 μῆ
1359 1727 1475 1804 ὄντων
1497 1737 1542 1816 είς

233 1828 423 1920 ῦπέρβασιν,
445 1837 636 1922 μᾶλλονδὲ
659 1835 794 1918 ἐκβασιν
815 1831 985 1920 γνώσεως.
1020 1829 1184 1922 ἀλλοτρία
1205 1837 1241 1904 δέ
1264 1841 1327 1906 τοῦ
1347 1839 1540 1922 γνωστικοῦ

235 1926 405 2022 ῆφευδῆς
436 1928 518 2018 δόξα
545 1929 657 2020 ὥσπερ
685 1927 705 2020 ῆ
731 1927 863 2022 ἀληθὴς
890 1938 995 2004 οίκεία
1017 1940 1131 2004 τεκαὶ
1153 1932 1301 2022 σύζυγος.
1344 1929 1462 2021 διόπερ
1485 1940 1540 2004 καί
1560 1939 1656 2008 um

234 2027 252 2100 6
279 2049 434 2121 γενναῖος
463 2027 659 2114 ἀπόστολος
687 2033 724 2100 ἵν
749 2059 783 2102 τι
810 2039 884 2102 τῶν
915 2037 976 2121 τῆς
1005 2041 1167 2120 πορνείας
1197 2039 1299 2106 είδαῦν
1322 2031 1386 2123 τῆν
1407 2038 1541 2104 είδωλο-

184 2149 216 2204 15
233 2139 392 2218 λατρείαν
414 2140 510 2201 καλεῖ
530 2127 732 2214 ἀκολούθως
748 2138 799 2220 τῷ
814 2129 977 2220 προφήτη
993 2137 1140 2220 λέγοντι·
1159 2137 1368 2223 »ἐμοίχευσεν
1382 2129 1423 2204 τό
1439 2130 1542 2218 ξύλον

234 2237 287 2302 καί
312 2227 375 2300 τὸν
398 2237 513 2301 λίθον·
545 2236 597 2320 τῷ
620 2227 710 2320 ξύλῳ
733 2231 827 2300 είπεν
848 2227 902 2301 ότι
925 2229 1038 2320 πατήρ
1059 2261 1126 2320 μου
1149 2233 1180 2302 εί
1199 2231 1251 2302 σύ·
1286 2239 1340 2302 καί
1363 2237 1415 2320 τῷ
1438 2239 1542 2320 λίθῳ·

235 2329 275 2400 οῦ
296 2325 476 2418 ἐγέννησάς
498 2359 563 2418 μετ

312 2439 449 2516 ’θ’πειτα
481 2439 500 2516 6
531 2453 605 2534 περί
642 2445 753 2532 φόνου
788 2443 889 2534 λόγος
919 2450 1154 2520 ἐπακολουθεῖ.
1207 2443 1381 2534 φόνοςδέ
1414 2449 1579 2534 έξαρσίςθ

235 2549 304 2616 ι’στι
335 2551 432 2628 βιαία.
476 2543 540 2618 τὸν
571 2537 633 2616 σύν
663 2541 778 2636 ἀληθῆ
809 2541 914 2632 λόγον
943 2553 1019 2634 περὶ
1055 2553 1140 2616 θεοῦ
1170 2554 1224 2616 καί
1256 2551 1317 2636 τῆς
1348 2543 1542 2636 ἀιδιότητος

185 2643 343 2718 madro&
369 2639 388 2716 6
415 2641 624 2734 βουλόμενος
655 2649 809 2732 ἐξαίρειν,
840 2647 896 2716 ίνα
922 2643 963 2716 τό
992 2650 1114 2732 ψεῦδος
1144 2649 1294 2735 ἐγκρίνῃ
1308 2641 1485 2766 ,λέγων
1463 2672 1541 2734 ητοι

236 2740 455 2834 ἀπρονόητον
483 2742 631 2815 είναι
596 2773 636 2816 το
663 2749 733 2816 πᾶν
759 2773 779 2832 η
807 2743 871 2816 τόν
891 2741 1020 2834 κόσμον
1042 2741 1251 2836 ἀγένητον
1231 2773 1249 2834 η
1274 2751 1348 2817 τῶν
1369 2743 1457 2816 κατὰ
1479 2743 1545 2832 τὴν

237 2843 351 2934 ἀληθῆ
373 2849 591 2916 διδασκαλίαν
584 2851 758 2930 βεβαίων
779 2883 793 2916 ι
812 2881 827 2914 ι
848 2849 1089 2932 ἐξωλέστατος.

320 2959 415 3032 λίετά
438 2965 474 3032 δέ
498 2955 667 3032 τοῦτον(
649 2991 667 3032 ο
690 2967 766 3050 περί
788 2965 919 3050 κλοπῆς
941 2965 1012 3032 ἐστι
1036 2957 1144 3050 λόγος.
1188 2955 1236 3042 αός
1258 2951 1319 3031 σῦν
1341 2991 1360 3032 σ
1350 2955 1581 3034 (κλέπτωνέ

237 3059 279 3132 τά
310 3057 474 3148 ἀλλότρια
504 3057 659 3150 μεγάλως
689 3055 817 3132 ἀδικῶν
839 3057 980 3143 είκότως
1001 3069 1198 3148 περιπίπτει
1223 3081 1294 3144 τοῖς
1317 3065 1466 3146 ἐπαξίοις
1487 3089 1544 3130 κα·

185 3177 219 3232 25
237 3179 318 3244 κοίς,
350 3153 462 3242 οῦτως
485 3153 504 3230 6
527 3157 570 3232 τά
601 3171 678 3232 θεία
709 3167 782 3232 τῶν
813 3161 921 3250 έργων
948 3157 1227 3250 σφετεριζόμενος
1249 3159 1303 3233 διδ
1326 3167 1446 3249 τέχνης
1469 3155 1545 3248 ῆτοι

237 3265 423 3348 πλαστικῆς
449 3255 471 3348 ἢ
498 3266 664 3350 γραφικῆς
693 3267 748 3328 καί
779 3265 891 3347 λέγων
918 3259 1041 3330 ἑαυτὸν
1067 3259 1217 3350 ποιητῆν
1239 3263 1324 3330 είναι
1347 3265 1421 3330 τῶν
1444 3257 1546 3348 ζῴων

236 3367 290 3431 καί
327 3365 464 3446 φυτῶν.
502 3355 630 3450 δμοίως
660 3387 697 3430 τε
728 3362 761 3430 οἱ
792 3357 856 3448 τῆν
885 3355 1000 3448 ἀληθῆ
1031 3367 1242 3446 φιλοσοφίαν
1277 3355 1545 3448 ἀπομιμούμενοι

236 3467 377 3532 κλέπται
400 3465 470 3530 είσί.
512 3455 579 3530 κᾶν
600 3454 748 3548 γεωργός
772 3487 823 3541 τις
844 3451 864 3546 ῆ
887 3455 953 3529 κάν
973 3457 1088 3548 πατῆρ
1110 3465 1261 3544 παιδίου,
1293 3453 1452 3542 διάκονός
1473 3462 1544 3530 ἐστι
1563 3467 1582 3522 4

238 3556 442 3650 σπερμάτων
462 3563 664 3646 καταβολῆς,
687 3553 706 3628 δ
728 3555 810 3642 θεὸς
831 3563 867 3628 δὲ
889 3555 954 3647 τῆν
975 3555 1121 3630 πάντων
1143 3551 1281 3650 αῦξησιν
1300 3565 1355 3630 καί
1370 3565 1545 3628 τελείωσιν

186 3674 220 3732 80
237 3664 395 3747 παρέχων
424 3665 470 3743 είς
499 3657 540 3730 τὸ
566 3657 654 3730 κατὰ
683 3656 786 3744 φύσιν
815 3653 980 3746 προσάγει
1001 3655 1044 3728 τὰ
1066 3653 1234 3748 γινόμενα.
1278 3661 1311 3728 οί
1332 3667 1487 3730 πλεῖστοι
1509 3659 1545 3726 δέ
1564 3665 1660 3728 148.1

237 3758 298 3829 σῦν
324 3765 378 3828 καί
406 3777 479 3842 τοις
507 3751 712 3844 φιλοσόφοις
738 3756 800 3840 τὰς
826 3753 978 3846 αύξῆσεις
999 3763 1053 3828 καί
1077 3757 1139 3840 τὰς
1163 3755 1291 3844 τροπὰς
1314 3775 1387 3838 τοις
1409 3755 1546 3842 ἀστρσις

236 3857 324 3928 κατὰ
356 3857 396 3928 τὸ
427 3855 687 3948 προηγούμενον
718 3853 951 3940 ἀνατιθέασιν,
987 3853 1259 3946 ἀποστεροῦντες
1279 3865 1283 3942 Ι
1303 3853 1344 3926 τό
1377 3851 1460 3926 ὅσον
1489 3847 1545 3924 ἐπ’
1562 3861 1648 3920 81⁷?

237 3953 353 4041 αῦτσίς
375 3957 440 4048 τῆν
463 3953 640 4044 ἀκάματον
662 3953 803 4046 δύναμιν
826 3953 889 4028 τόν
910 3961 1042 4044 πατέρα
1064 3963 1138 4028 τῶν
1154 3949 1256 4026 όλων.
1289 3953 1332 4026 τὰ
1348 3959 1383 4026 δέ
1398 3963 1582 4042 στοιχειαθ

323 4185 366 4240 ίί
382 4183 436 4256 vgl.
455 4185 527 4239 Ρτκί.
546 4189 587 4250 81,
605 4189 622 4240 6
703 4187 721 4240 5
745 4185 812 4240 wo?
834 4183 889 4254 vgl.
907 4183 1048 4238 εἰείίεὶείιί
1065 4183 1179 4248 sium
1199 4183 1293 4250 (batn
1316 4181 1547 4250 24,17(Glooee);

239 4271 315 4324 Pr.0v
334 4273 376 4332 24,
394 4271 428 4324 69
525 4269 544 4324 8
572 4269 628 4340 τρί.
646 4269 732 4326 Exod.
751 4271 792 4334 ⁴20,
812 4269 844 4322 λθ
940 4267 1004 4322 144
1028 4267 1200 4338 metron
1220 4267 1363 4332 11189.1;
1391 4264 1440 4318 vn
1459 4259 1500 4330 75,
1518 4267 1547 4330 3;

238 4353 332 4409 ίίοί.3
335 4355 388 4420 ,5;
420 4351 528 4420 GM,
547 4355 581 4408 20
672 4353 782 4408 15-1ί
807 4352 906 4408 ίετεια.
924 4353 949 4418 3,
966 4354 995 4414 9;
1026 4353 1050 4416 2,
1069 4353 1101 4408 27
1194 4353 1232 4408 18
1258 4350 1315 4422 vgl.
1339 4349 1426 4406 3106
1448 4351 1493 4412 20.
1516 4353 1549 4406 15

272 4439 311 4494 ’25
331 4439 385 4508 νηί.
405 4435 492 4494 Exod
511 4439 552 4504 20,
572 4441 603 4493 14
685 4437 750 4495 281
765 4435 820 4508 vgl.
840 4437 849 4489 ί
870 4435 933 4492 Κατ.
951 4437 975 4502 3,
994 4437 1032 4492 fif

322 4637 484 4709 θαῦτίγνίι
562 4640 597 4694 ίί
626 4635 851 4695 ἀνειδσλοποιῶν
869 4639 890 4692 Ιι
982 4637 1020 4692 ίθ
1046 4637 1125 4710 βιαία
1144 4637 1191 4692 Mn
1212 4635 1358 4710 βεβαίαίι
1438 4633 1478 4690 22
1503 4637 1550 4706 βε·

239 4725 329 4796 μαίων
349 4719 484 4796 (ἐξαίρων
508 4727 542 4778 τι
566 4723 597 4778 st
679 4719 902 4790 ἐξολέστατσςίι
