3726 5528
537 565 675 622 stromate.
692 567 738 622 lv
758 521 882 639 CapU'XI
901 567 942 634 80,
955 567 1070 640 5-cap.
1083 567 1143 625 XII
1160 571 1237 632 863.
1479 581 1540 644 285

233 738 359 818 νηπίῳ·
381 732 409 800 εί
429 735 548 818 μέντοι
570 729 804 820 σφοδρότερον
826 716 995 816 ἐκβιάσαιο
1017 728 1080 802 τόν
1102 727 1214 820 λόγον,
1242 735 1319 820 ἐρῶ,
1347 733 1540 826 ἄνθρωπον

232 823 345 900 ὅντιν’
369 825 412 898 ἀν
433 823 603 919 όνομάσης
625 827 817 919 ἄνθρωπον
840 829 935 911 είναι,
958 835 1090 902 δίκαιον
1112 836 1147 902 δέ
1170 829 1233 902 τόν
1254 830 1346 906 θεόν.
1387 836 1541 926 καθαρός

231 927 295 1016 γάρ
326 925 448 1014 ου’δείς,
481 927 595 1018 ὥσπερ
625 929 699 1002 είπέ
728 958 793 1013 τις,
825 925 892 1000 ἀπό
924 927 1060 1018 ῥύπου(
1106 927 1193 1002 ἀλλά
1223 937 1275 1021 τῷ
1309 937 1487 1020 Βασιλείδη
1518 927 1576 1022 ήῖ

231 1023 397 1112 ἀπόθεσις
417 1024 727 1118 προαμαρτήσασάν
749 1053 831 1120 φησι
854 1028 919 1118 τὴν
941 1028 1053 1118 ψυχήν
1068 1031 1226 1120 ἐνέτέρῳ
1241 1003 1304 1121 βίῳ
1320 1029 1384 1120 τήν
1398 1026 1540 1102 κόλασιν

197 1121 414 1218 θδπομένειν
434 1133 600 1214 ἐνταῦθα,
632 1127 696 1218 τήν
716 1134 778 1218 μὲν
799 1126 963 1217 ἐκλεκτήν
983 1133 1147 1219 ἐπιτίμως
1169 1130 1223 1201 διὰ
1244 1138 1444 1218 μαρτυρίου,
1475 1131 1540 1220 τὴν

231 1225 339 1316 ἀλλην
366 1233 402 1300 δέ
428 1235 681 1318 καθαιρομένην
706 1234 811 1320 σίκείη
837 1223 982 1298 κολάσει.
1023 1235 1079 1318 καὶ
1105 1235 1180 1312 πῶς
1203 1235 1308 1301 τοῦτο
1331 1225 1459 1320 ἀληθὲς
1480 1226 1538 1316 ἐφ’

232 1320 311 1416 ἡμῖν
341 1332 496 1416 κειμένου
526 1336 589 1400 τοῦ
619 1323 833 1450 ὁμολογήσαι
855 1333 911 1397 καὶ
937 1333 1150 1416 κολασθῆναι
1171 1323 1192 1418 6
1213 1327 1274 1418 μή,·
1304 1337 1308 1412 Ι
1338 1327 1453 1402 λύεται
1475 1329 1538 1418 γάρ
1555 1338 1642 1396 601Ρ

230 1431 286 1498 ἐπί
308 1432 371 1500 τοῦ
393 1423 668 1546 66666666106‘
647 1457 667 1517 6
689 1427 777 1498 κατὰ
798 1425 861 1498 τόν
877 1431 1078 1518 Βασιλείδην
1092 1424 1246 1516 πρόνοια
1283 1433 1403 1517 ἐρωτῶ
1419 1436 1538 1502 τοίνυν
1557 1441 1633 1508 84,1

230 1521 338 1598 αὐτόν
367 1531 422 1598 ἐπὶ
456 1533 519 1600 τοῦ
548 1533 782 1616 κρατηθέντος
813 1522 1043 1616 δμολογητοῦ,
1073 1523 1223 1616 πότερον
1253 1526 1456 1619 μαρτυρήσει
1482 1533 1538 1599 καί

178 1637 213 1692 10
229 1623 481 1716 κολασθήσεται
510 1625 598 1697 κατὰ
629 1627 694 1717 τὴν
725 1623 892 1750 πρόνοιαν
920 1621 941 1714 6
968 1619 1017 1696 06.
1060 1621 1267 1716 ἀρνούμενος
1293 1626 1354 1715 γάρ
1377 1623 1418 1698 06
1439 1638 1538 1699 κολα-

229 1721 400 1844 σθήσεται.
448 1731 477 1796 εί
512 1730 547 1796 δὲ
582 1729 620 1796 ἐκ
656 1731 716 1815 τῆς
752 1723 950 1812 ἀποβάσεως
983 1731 1039 1795 καί
1075 1725 1116 1796 τό
1146 1725 1190 1816 μή
1223 1732 1293 1798 δεῖν
1327 1733 1574 1817 κολασθῆναιθ

230 1830 358 1898 τοῦτον
388 1823 500 1916 φήσει,
524 1823 590 1915 τήν
615 1820 791 1898 ἀποόλειαν
816 1833 891 1897 τῶν
918 1823 1162 1914 ἀρνησαμένων
1187 1830 1225 1898 ἐκ
1250 1825 1462 1914 προνοίας”
1441 1857 1536 1898 ακων

229 1921 528 2014 προσμαρτυρήσει.
571 1931 647 2006 πῶς
669 1929 704 1996 δέ
726 1925 777 1996 ἐτι
803 1924 925 2012 μισθός
947 1919 966 1996 6
989 1921 1214 2012 ἐνδοξότατος
1235 1931 1272 1998 ἐν
1293 1921 1432 2016 οὐρανῷ
1453 1923 1536 1998 ἀπό·
1555 1941 1573 1996 8

228 2050 336 2095 κειται
359 2031 411 2114 τῷ
432 2021 686 2114 μαρτυρήσαντι
713 2023 768 2096 διὰ
791 2023 832 2096 τό
858 2031 1084 2115 μαρτυρῆσαι;
1113 2029 1142 2094 εί
1164 2031 1199 2096 δὲ
1222 2025 1285 2096 τὸν
1307 2020 1537 2116 άμαρτητικόν

180 2133 212 2186 lb
230 2119 292 2193 οὐκ
315 2127 426 2195 εἴασεν
447 2119 468 2212 ή
490 2120 639 2210 πρόνοια
660 2129 714 2196 ἐπὶ
738 2122 779 2196 τό
810 2119 973 2214 άμαρτεῖν
1004 2129 1127 2208 ἐλθεῖν,
1158 2123 1275 2208 ἀδικος
1302 2133 1431 2212 γίνεται
1457 2121 1535 2194 κατ’

230 2219 347 2310 ἀμφω,
377 2231 434 2294 καὶ
460 2221 523 2294 τὸν
550 2223 603 2294 διὰ
636 2222 853 2312 δικαιοσύνην
873 2229 920 2306 είς
940 2219 1080 2294 κόλασιν
1102 2220 1286 2314 ἑλκόμενον
1314 2223 1358 2314 μή
1381 2225 1536 2315 ῥυομένη.

229 2327 285 2390 καί
317 2319 381 2392 τόν
410 2317 537 2394 ἀδικεῖν
568 2321 782 2413 ἐθελήσαντα
809 2323 990 2414 ῥυσαμένη,
1022 2329 1085 2394 τοῦ
1106 2329 1168 2412 μὲν
1188 2320 1395 2412 ποιήσαντος
1417 2320 1461 2396 δι’
1486 2316 1538 2394 οόν

229 2417 414 2512 ἐβουλήθη,
446 2429 507 2512 τῆς
535 2429 570 2494 δέ
596 2420 793 2510 κωλυσάσης
821 2419 862 2492 τὸ
889 2426 989 2510 ἔργον
1009 2421 1131 2511 καὶμὴ
1154 2427 1292 2504 δικαίως
1313 2421 1537 2514 περιεποόσης

229 2517 293 2590 τὸν
323 2516 560 2612 ἁμαρτητικόν.
603 2529 678 2605 πῶς
709 2528 744 2594 δὲ
775 2519 837 2594 οὐκ
867 2520 972 2604 ἀθεος
1002 2518 1152 2607 θειάζων
1180 2527 1243 2610 μὲν
1273 2520 1337 2594 τὸν
1366 2519 1536 2606 διάβολον,
1554 2535 1632 2598 861

177 2635 213 2690 ‘20
230 2617 422 2708 ἄνθρωπον
444 2627 479 2692 δέ
501 2617 732 2710 ἁμαρτητικὸν
754 2619 922 2712 τολμήσας
944 2626 1051 2692 είπεῖν
1073 2620 1137 2692 τὸν
1154 2619 1288 2708 κόριον;
1309 2617 1457 2708 πειράζει
1473 2619 1535 2710 γάρ

229 2713 249 2788 6
271 2715 427 2804 διάβολος
458 2721 556 2802 είδώς
581 2727 642 2810 μὲν
668 2715 687 2792 6
714 2725 826 2810 ἐσμεν,
857 2717 919 2791 οάκ
941 2719 1039 2802 είδώς
1061 2725 1097 2792 δέ
1118 2725 1147 2791 εί
1167 2714 1418 2810 ὑπομενοῦμεν·
1448 2717 1536 2792 ἀλλά

229 2815 405 2891 ἀποσεῖσαι
437 2827 497 2909 τῆς
526 2827 675 2903 πίστεως
707 2815 792 2910 ἡμᾶς
817 2815 1022 2908 βουλόμενος
1043 2827 1099 2890 καὶ
1120 2817 1310 2909 ὑπάγεσθαι
1332 2820 1443 2910 ίαυτῷ
1465 2847 1535 2890 πει-

229 2913 333 3004 ράςει,
365 2911 449 3006 ὅπερ
474 2925 529 2990 καὶ
559 2917 667 3008 μόνον
695 2924 943 3006 ἐπιτέτραπται
969 2915 1064 3010 αὐτῷ
1092 2916 1147 2992 διά
1173 2947 1209 2990 τε
1237 2917 1278 2990 τὸ
1302 2915 1386 3008 ἡμᾶς
1408 2923 1443 3007 ἐξ
1465 2921 1535 2991 ἐαυ-

228 3023 304 3088 τῶν
334 3017 501 3108 σῴζεσθαι
532 3025 615 3104 δεῖν,
647 3015 801 3109 ἀφορμάς
827 3018 919 3107 παρά
947 3025 1008 3108 τῆς
1029 3023 1170 3109 ἐντολῆς
1192 3015 1389 3108 εἰληφότας,
1422 3017 1476 3092 διά
1498 3047 1534 3090 τε

175 3133 211 3188 θσ
228 3113 293 3188 τόν
322 3117 573 3208 καταισχυμμόν
605 3125 667 3190 τοῦ
696 3116 920 3207 πειράσαντος
949 3125 1004 3189 καί
1036 3115 1271 3208 ἀποτυχόντος
1307 3117 1362 3190 διά
1398 3147 1433 3190 τε
1472 3119 1535 3208 τήν

226 3217 481 3308 ίσχυροποίησιν
512 3225 585 3290 τῶν
615 3219 703 3290 κατά
734 3217 799 3308 τὴν
826 3223 1005 3308 ἐκκλησίαν
1027 3214 1082 3289 διά
1104 3245 1141 3288 τε
1163 3215 1228 3307 τήν
1250 3225 1440 3308 συνείδησιν
1461 3225 1536 3290 τῶν

228 3313 481 3402 θαυμασάντων
513 3316 577 3406 τήν
607 3315 794 3408 όπσμονήν.
839 3321 867 3388 εί
889 3325 924 3390 δέ
946 3315 987 3390 τό
1013 3315 1199 3440 μαρτήριον
1230 3313 1459 3402 ἀνταπόδοσις
1481 3316 1571 3388 διὰθ

226 3411 408 3500 κολάσεως,
431 3413 527 3487 xaz‘
507 3445 528 3506 6
549 3425 663 3501 πίστις
684 3415 782 3489 καί“
762 3447 782 3508 6
806 3423 1010 3500 διδασκαλία,
1034 3413 1123 3486 δι’“
1102 3447 1142 3499 ας
1163 3417 1204 3489 τὸ
1226 3416 1424 3506 μαρτύριον·
1459 3441 1535 3488 συν-

229 3520 319 3601 εργοὶ
343 3513 407 3633 666
422 3507 521 3587 αὗται
536 3511 757 3602 κολάσεως,
739 3547 776 3607 ης
792 3515 877 3600 τίς
859 3545 902 3588 αν
917 3516 1002 3606 ἄλλη
1021 3523 1146 3606 μείζων
1170 3513 1359 3604 ἀπέμφασις
1383 3523 1534 3606 γίνοιιο;

175 3625 211 3680 30
228 3608 315 3684 ἀλλὰ
336 3613 423 3702 πρὸς
444 3622 505 3704 μὲν
528 3616 570 3686 τά
593 3615 743 3707 δόγματα
765 3621 889 3698 ἐκεῖνα,
920 3621 949 3688 εί
970 3623 1290 3706 μετενσωματοῦται
1313 3612 1337 3736 6
1356 3613 1455 3704 ψυχή,
1478 3623 1533 3688 καὶ
1553 3633 1571 3688 8

227 3719 303 3800 περί
332 3719 395 3785 τοῦ
423 3711 582 3798 διαβόλου
607 3715 696 3787 κατὰ
723 3715 804 3798 τούς
831 3720 974 3798 οἰκείους
996 3713 1195 3804 λεχθήσεται
1217 3714 1368 3802 καιρούς,
1401 3721 1476 3784 νυνὶ
1498 3719 1533 3786 δὲ

228 3829 300 3894 τοῖς
322 3819 508 3902 εἰρημένοις
529 3821 583 3884 καί
608 3821 715 3886 ταῦτα
736 3822 956 3904 προσθῶμεν·
983 3843 1052 3886 που
1037 3811 1164 3884 ἐτι“
1146 3845 1166 3904 η
1188 3824 1300 3898 πίστις
1322 3814 1411 3886 κατά
1432 3811 1533 3886 ἀντα-

226 3905 371 3982 πόδοσιν
397 3919 470 3984 τῶν
496 3921 813 4004 προημαρτημένων
841 3920 904 3986 τοῦ
929 3921 1115 4002 μαρτυρίου
1139 3921 1332 4004 γινομένου,
1364 3919 1433 4034 606
1455 3908 1533 4001 δέή

227 4003 339 4098 ἀγάπη
368 4007 388 4098 6
415 4011 501 4100 πρὸς
532 4013 595 4086 τόν
625 4013 710 4084 θεὸν
740 4014 794 4086 διὰ
826 4012 890 4103 τὴν
912 4009 1081 4102 ἀλήθειαν
1110 4017 1298 4104 διωκομένη
1328 4009 1430 4084 καί(
1410 4019 1533 4103 υπομέ·

244 4315 278 4370 be
312 4231 357 4370 22!
380 4233 451 4370 ffliob
470 4239 516 4300 14,
534 4239 563 4300 ἐς
593 4235 1100 4306 vgl.Strom.111100,4mitAnm.
1182 4235 1222 4288 80
1244 4233 1300 4302 vgl.
1317 4233 1343 4288 S.
1360 4233 1492 4296 2862&
1507 4251 1532 4286 u.

227 4329 243 4368 ο
280 4333 298 4370 n
336 4321 376 4372 ,1

296 4487 377 4542 λειω
396 4487 473 4541 fland
492 4505 535 4556 οη.
553 4475 689 4560 φλυαρεῖς
706 4489 740 4542 Ιθ
815 4485 1114 4559 ἐπροαμαριήσασάν
1126 4487 1153 4553 (ν
1165 4486 1210 4540 ub.
1223 4486 1249 4540 d.
1262 4485 1299 4552 Z.)
1318 4485 1353 4540 11²
1427 4482 1531 4556 8ἐρω-

225 4575 266 4624 τῶ
283 4569 372 4640 Ηεγεε
394 4567 490 4644 ἐρῶίι
573 4575 607 4630 11
629 4570 736 4628 έκ-ιδ
754 4571 864 4628 Μῖῖαεεί
880 4570 1063 4628 καί-τοῦθ
1142 4572 1251 4638 ςτήσδε)
1270 4575 1320 4638 τῆς
1337 4569 1383 4624 Ma
1462 4567 1531 4628 ἀπο-

224 4651 340 4724 φάσεως
356 4655 387 4712 St
468 4657 505 4714 18
523 4657 711 4726 περιαπτούσης
728 4657 768 4714 Ρο
791 4656 976 4730 περιέποντος
994 4655 1014 4710 L
1095 4655 1135 4710 2⁰
1152 4654 1279 4728 πειράζει
1298 4655 1329 4708 st
1349 4654 1492 4728 πειράζων
1510 4656 1531 4708 L

259 4736 590 4810 ”kmfflhss
