3726 5528
569 507 770 566 σιτοποιεῖν.
793 505 941 578 eap.v111.
959 503 1188 576 05,3-cap.1x.
1208 505 1248 564 70.
1265 507 1286 561 1.
1521 510 1582 572 279

275 671 382 748 νότου
405 677 673 762 ζωοποιηθήναι.
705 675 799 760 ἴσμεν
821 675 904 759 γοῦν
924 675 979 740 καί
998 673 1120 750 παῖδας
1134 673 1190 738 καί
1205 671 1337 752 οἰκέτας
1351 675 1407 740 καί
1424 687 1582 758 γυναῖκας
1599 679 1618 736 λ

273 770 440 858 πολλάκις
470 769 631 844 ἀκόντων
660 776 822 858 πατέρων
851 775 907 840 καί
939 773 1119 841 δεσποτῶν
1144 773 1199 838 καί
1226 763 1364 858 ἀνδρῶν
1385 777 1582 856 βελτίστους

274 878 454 962 γεγονέναι
498 865 624 944 ούκουν
654 871 801 944 ἔλαττον
830 877 1082 958 προθυμεῖσθαι
1107 865 1169 956 χρή
1192 867 1272 952 τούς
1292 875 1483 956 μέλλοντας
1505 879 1618 942 θεοῖ

273 979 380 1056 σεβῶς
401 969 522 1060 ζήσειν,
544 968 683 1044 έπειδάν
704 971 825 1058 είργειν
840 963 964 1052 αύτούς
980 993 1070 1050 τινες
1084 971 1242 1050 δοκῶσιν,
1265 962 1353 1040 ἀλλὰ
1367 967 1459 1041 πολύ
1473 975 1581 1042 πλέον

239 1071 364 1160 θοίμαι
385 1067 571 1160 προσήκειν
592 1067 748 1142 σπεύδειν
769 1097 806 1140 τε
827 1073 883 1138 καί
905 1062 1130 1156 ἀγωνίζεσθαι
1152 1062 1397 1154 διαφερόντως,
1420 1061 1516 1152 ὅπως
1538 1065 1580 1140 ἀν

271 1167 316 1260 μή
340 1166 548 1262 ἡττηθέντες
571 1164 768 1242 άποπέσωσι
791 1173 864 1238 τῶν
885 1161 1039 1255 ἀρίστων
1058 1171 1115 1236 καί
1140 1163 1424 1256 ἀναγκαιοτάτων
1445 1175 1579 1252 βουλον·

271 1265 402 1358 μάτων.
445 1265 486 1341 ού
516 1267 579 1360 γάρ
610 1268 701 1358 οίμαι
730 1265 901 1356 σύγκρισιν
930 1269 1140 1354 ἐπιδέχεσθαι
1166 1263 1316 1352 πότερον
1343 1264 1482 1356 ἀμεινον
1503 1277 1616 1340 θνα-4

272 1369 389 1460 σαύτην
417 1375 574 1458 γενέσθαι
604 1373 667 1440 τοῦ
696 1361 979 1454 παντοκράτορος
1008 1359 1030 1452 ή
1061 1361 1102 1436 τὸ
1133 1371 1206 1436 τῶν
1236 1361 1412 1455 δαιμόνων
1443 1367 1578 1440 ἑλέσθαι

271 1463 402 1554 σκότος.
445 1467 488 1541 τά
510 1466 654 1558 μὲνγὰρ
676 1465 794 1538 ἀλλων
821 1469 825 1554 Ι
853 1465 951 1536 ἕνεκα
972 1458 1190 1552 πραττόμενα
1211 1459 1290 1553 ἡμῖν
1312 1461 1472 1538 ἑκάστοτε
1494 1463 1577 1554 πρά·
1596 1483 1614 1540 5
1632 1483 1711 1540 21⁶8

221 1583 255 1638 10
271 1578 387 1656 ξαιμεν
419 1565 462 1640 ἀν
492 1575 538 1652 είς
568 1572 715 1648 ἐκείνους
746 1559 950 1650 ἀποβλέπειν
980 1561 1199 1652 πειρώμενοι,
1232 1555 1283 1634 σόν
1305 1563 1404 1636 ἕνεκα
1425 1571 1577 1654 γίνεσθαι

271 1672 375 1745 δοκεῖ,
407 1673 533 1756 μέτρον
563 1662 741 1756 ήγσύμενοι
767 1669 872 1736 τοῦτο
899 1662 941 1736 τό
963 1665 1022 1750 [έν]
1045 1667 1187 1746 ἐκείνοις
1212 1671 1463 1752 κεχαρισμένον·
1498 1663 1577 1737 ἀδέ

271 1761 387 1838 αύτῶν
415 1771 549 1856 μᾶλλον
571 1761 592 1854 ή
615 1793 722 1838 τινων
753 1765 895 1854 ἑτέρων,
926 1769 1035 1834 ταῦτα
1063 1757 1107 1832 ἀν
1133 1759 1211 1852 ήμῖν
1237 1771 1387 1852 γίγνοιτο
1409 1763 1494 1854 μετά
1516 1771 1578 1856 τής

271 1869 342 1956 ίσης
364 1869 527 1956 σπονδῆς,
558 1861 618 1938 έάν
646 1891 681 1936 τε
704 1859 858 1952 ἀρέσκειν
880 1867 946 1932 τισὶ
968 1867 1051 1951 δοκῇ
1073 1857 1134 1934 έάν
1156 1891 1192 1934 τε
1216 1869 1271 1934 καί
1292 1859 1346 1952 μή.
1389 1869 1418 1936 εί
1439 1863 1480 1954 δή
1503 1873 1576 1937 τῶν
1595 1877 1671 1947 δθ,1

271 1960 470 2052 ἀδιαφόρων
501 1969 572 2036 ἔνια
602 1961 767 2054 τοιαύτην
796 1967 904 2051 εἴληχε
935 1960 1036 2051 τιμήν
1071 1959 1161 2034 ὥστε
1190 1967 1246 2034 καί
1277 1957 1438 2034 ἀκόντων
1468 1971 1576 2036 τινῶν

218 2081 253 2136 lb
269 2062 384 2150 αίρετά
415 2065 500 2136 εἶναι
531 2069 656 2146 δοκεῖν,
688 2061 778 2134 πολύ
804 2066 839 2132 δὲ
865 2067 974 2132 πλέον
1000 2059 1064 2150 τήν
1086 2059 1212 2150 ἀρετήν
1233 2059 1463 2153 περιμάχητον
1484 2091 1575 2154 νομι-

269 2167 381 2246 στέον,
404 2162 449 2254 μή
472 2169 518 2248 είς
540 2161 626 2236 άλλο
645 2191 679 2234 τι
694 2158 909 2248 ἀφορῶντας,
933 2157 1019 2232 ἀλλά
1034 2163 1079 2244 είς
1095 2155 1180 2232 αύτὸ
1196 2159 1237 2232 τὸ
1251 2167 1366 2246 καλῶς
1379 2168 1576 2253 πραχθῆναι

268 2258 472 2352 δυνάμενον,
503 2259 563 2334 έάν
592 2289 629 2332 τε
661 2263 786 2348 ἑτέρως
816 2265 899 2348 δοκή
931 2285 1019 2332 τισιν
1049 2257 1109 2331 έάν
1139 2265 1257 2332 τεκαὶ
1283 2257 1337 2352 μή.
1379 2269 1491 2346 καλῶς
1514 2255 1611 2334 σύνῖ

267 2367 323 2432 καί
345 2355 545 2452 Ἐπίκουρος
569 2369 729 2434 Μενοικεῖ
748 2355 905 2450 γράφων·
936 2355 1037 2449 »μήτε
1059 2367 1135 2442 νέος
1157 2389 1208 2443 τις
1230 2351 1282 2432 ὢν
1302 2367 1456 2447 μελλέτω
1478 2371 1574 2448 φιλο·

267 2479 397 2548 σοφεῖν,
418 2457 502 2550 μήτε
524 2467 634 2551 γέρων
656 2455 819 2548 ύπάρχων
840 2455 998 2530 κοπιάτω
1021 2465 1234 2546 φιλοσοφῶν.
1276 2452 1355 2532 ούτε
1377 2459 1440 2548 γάρ
1462 2459 1574 2550 ἀωρσς

216 2579 251 2634 20
268 2555 376 2643 σύδείς
407 2563 500 2632 ἐστιν
531 2553 610 2632 ούτε
643 2557 801 2648 πάρωρος
830 2557 917 2647 πρὸς
948 2557 989 2630 τὸ
1019 2557 1107 2630 κατά
1137 2557 1250 2647 ψυχήν
1279 2553 1447 2648 ύγιαίνειν.
1491 2555 1511 2632 ό
1537 2567 1610 2635 δέλ

265 2665 376 2748 λέγων
402 2655 505 2750 μήπω
531 2665 594 2732 τοῦ
622 2669 825 2746 φιλοσοφεῖν
846 2655 1007 2746 ύπάρχειν
1030 2655 1147 2746 [ὥραν]
1170 2653 1192 2746 ἢ
1213 2665 1486 2748 παρεληλυθέναι
1508 2660 1572 2750 τήν

266 2755 361 2846 ὥραν
392 2755 509 2848 ὅμοιός
539 2763 610 2830 έστι
641 2765 692 2849 τῷ
724 2765 858 2847 λέγοντι
888 2757 975 2846 πρὸς
1005 2753 1221 2848 εὐδαιμονίαν
1242 2753 1264 2846 ἢ
1285 2755 1389 2848 μήπω
1415 2777 1572 2848 παρεῖναι

265 2855 330 2947 τήν
351 2855 445 2946 ὥραν
461 2853 482 2948 ἢ
497 2855 610 2947 μηκέτ’
625 2859 710 2930 εἶναι
726 2857 801 2947 [τήν
817 2855 930 2946 ὥρανί.
960 2853 1049 2928 ὥστε
1064 2864 1320 2948 φιλοσοφητέον
1333 2867 1389 2931 καί
1405 2865 1571 2950 νεωζτέρφ
1591 2881 1609 2937 4
1627 2881 1712 2940 595?

265 2965 321 3028 καὶ
352 2963 501 3046 γέροντι.
534 2965 585 3048 τῷ
616 2963 677 3045 μὲν
708 2951 803 3040 ὅπως
834 2955 1012 3047 γηράσκων
1043 2951 1141 3043 νεάζῃ
1167 2975 1240 3040 τοῖς
1267 2954 1409 3047 ἀγαθοῖς
1431 2959 1486 3030 διά
1508 2959 1572 3049 τήν

214 3075 249 3129 ‘25
265 3053 363 3144 χάριν
387 3063 459 3128 τῶν
480 3056 686 3146 γεγονότων,
713 3063 764 3146 τῷ
788 3061 823 3128 δὲ
845 3049 941 3138 ὅπως
964 3061 1040 3138 νέος
1060 3048 1128 3144 άμα
1149 3063 1204 3128 καί
1225 3057 1370 3140 παλαιός
1393 3049 1414 3145 ή
1437 3057 1490 3130 διά
1509 3058 1573 3149 τήν

267 3153 415 3244 ἀφοβίαν
437 3163 510 3228 τῶν
530 3153 756 3244 μελλόντων.ι

349 3259 402 3326 lx
431 3261 512 3343 Περὶ
535 3262 570 3328 δὲ
598 3260 660 3326 τοῦ
685 3263 872 3344 μαρτυρίου
894 3251 1077 3345 διαρρήδην
1099 3249 1118 3326 δ
1140 3253 1255 3344 κύριος
1277 3259 1420 3345 εἴρηκεν,
1451 3264 1506 3330 καί
1529 3258 1572 3330 τά
1593 3275 1667 3338 ῖθ,1

266 3352 439 3442 διαφόρως
463 3361 668 3445 γεγραμμένα
691 3351 921 3444 συντάξωμεν·
961 3361 1065 3444 »λέγω
1088 3361 1123 3428 δὲ
1145 3351 1232 3444 ύμῖν,
1264 3361 1332 3440 πᾶς
1354 3351 1392 3440 ός
1414 3357 1473 3428 ἐὰν
1494 3352 1572 3448 όμο-

267 3451 394 3544 λογήσρ
416 3457 454 3526 έν
476 3457 548 3542 έμοί
570 3455 763 3542 ἔμπροσθεν
785 3461 860 3526 τῶν
882 3451 1091 3542 ἀνθρώπων,
1113 3459 1169 3526 καί
1184 3449 1203 3526 ό
1218 3454 1291 3538 υίὸς
1306 3461 1367 3526 τοῦ
1381 3455 1572 3544 ἀνθρώπου

215 3548 469 3643 οοδμολογήσει
504 3559 541 3624 έν
576 3549 669 3642 αύτῷ
705 3553 897 3642 ἔμπροσθεν
928 3561 1002 3625 τῶν
1032 3548 1187 3642 ἀγγέλων
1218 3561 1281 3626 τοῦ
1310 3561 1408 3626 θεοῦ·
1444 3557 1508 3629 τὸν
1538 3563 1573 3630 δὲ

266 3649 500 3744 ἀρνησάμενόν
521 3679 560 3740 με
582 3653 734 3724 ίνιύπιον
757 3659 831 3724 τῶν
852 3648 1054 3740 ἀνθρώπων
1075 3651 1311 3744 ἀπαρνήσομαι
1332 3651 1439 3726 αύτὸν
1454 3659 1573 3745 έμπρο

352 3841 464 3896 λθ-λλ
489 3835 516 3896 εί
531 3839 672 3908 τῶν-μή
691 3839 764 3893 Saer.
783 3837 844 3894 Par.
861 3839 912 3895 240
930 3839 995 3895 Holl
1075 3839 1210 3912 Chrysipp
1228 3841 1271 3896 Fr.
1289 3857 1356 3896 mor.
1374 3843 1408 3896 46
1426 3843 1521 3896 Arnim

268 3923 380 3980 18-20
397 3921 503 3994 Epikur
521 3919 570 3993 Ep.
589 3923 626 3976 111
645 3923 708 3978 Ans.
728 3921 806 3992 Diog.
825 3923 915 3978 baert.
934 3923 958 3976 X
977 3925 1026 3978 122
1044 3949 1076 3968 ·=
1095 3923 1199 3980 Usener
1217 3924 1265 3996 Ep.
1282 3927 1323 3992 59,
1342 3929 1426 3980 1-10
1499 3927 1573 3984 28-

267 4007 292 4062 S.
311 4007 380 4074 280,
402 4007 418 4062 1
438 4005 506 4062 Luk.
526 4009 565 4068 12,
583 4007 623 4062 ssf

352 4167 367 4222 1
391 4149 440 4222 2⁸e⁸al
458 4173 593 4236 γιναῖκας
610 4151 658 4222 ἀαί
677 4163 788 4230 σίκέτας
806 4165 922 4221 Ζοὶοίεοα
939 4165 989 4222 der
1008 4167 1183 4238 Umstellung
1201 4169 1234 4222 L¹
1309 4165 1420 4234 οἰκέτας
1439 4185 1506 4226 corr.
1524 4188 1573 4226 σοι

267 4247 361 4316 λκέτας
385 4251 418 4304 L¹
511 4251 650 4320 ίζὴσειν
673 4262 702 4309 (a
718 4267 787 4306 corr.
805 4267 853 4304 ονε
872 4255 897 4317 υ)
926 4251 958 4305 L¹
1048 4251 1261 4310 θάκοτιέσωσι
1287 4271 1321 4308 τι.
1339 4269 1362 4308 ε.
1380 4253 1475 4310 selah
1502 4251 1572 4312 ἀπσ-

267 4333 389 4392 πτέοωσι
408 4333 442 4388 Vi
461 4331 659 4392 ἀποπταίσωοι
677 4336 713 4404 Sy
790 4335 832 4390 λῖ
848 4331 1048 4403 θειασδιτηνῐτ
1118 4338 1153 4394 11
1173 4335 1282 4394 τούτων
1301 4337 1390 4392 Hiller
1457 4335 1508 4409 [έν]
1528 4339 1574 4394 Ma

302 4419 338 4474 ¹2
358 4415 491 4474 αὐτῶνί,
563 4421 600 4476 λθ
618 4417 750 4488 ἀρέσκειν
768 4417 1015 4492 οοττ.ααεάρέσκη
1034 4421 1068 4474 L¹
1139 4421 1176 4478 15
1194 4421 1244 4492 [δέ]
1258 4419 1302 4476 Wi
1367 4421 1573 4494 περιμάχητον]

267 4511 298 4566 ÷
311 4495 385 4558 είναι
403 4503 476 4556 θεον.
496 4503 556 4558 Ρατ.
637 4505 673 4560 16
692 4500 773 4572 ἀλλά]
791 4495 881 4572 ἀλλ’ἢ
898 4503 970 4559 Swr.
984 4505 1044 4560 Par.
1127 4505 1162 4562 λλ
1184 4499 1287 4576 ἑτέρως
1298 4505 1407 4562 λίθοισί
1426 4502 1533 4580 ἑτέροις
1551 4508 1572 4562 L

302 4587 340 4642 18
366 4583 492 4654 μελλέτω
511 4585 545 4640 Vi
568 4585 676 4656 μελέτω
696 4587 716 4640 L
805 4587 845 4642 20
867 4583 994 4658 ὑγιαῖνον
1017 4587 1096 4658 Diog.
1183 4589 1220 4646 21
1244 4583 1346 4661 [ὥραν]
1368 4589 1474 4648 Usener
1495 4595 1558 4662 (τήν

265 4661 346 4740 ὥραν
365 4669 453 4726 Cobet
531 4671 569 4727 22
588 4671 684 4742 μήπω]
701 4673 740 4740 μή
757 4669 838 4740 Diog.
917 4673 956 4728 28
974 4673 1025 4742 τήν
1042 4665 1142 4742 ὥραν2
1160 4683 1193 4733 <
1210 4673 1290 4744 Diog.
1371 4673 1425 4750 νέῳ
1443 4675 1521 4746 Diog.
