3704 5530
569 505 707 562 stromata
726 504 771 560 Vl.
794 505 945 576 cap.v111.
964 507 1006 572 64,
1018 507 1110 574 θ-θθ,
1123 509 1146 561 1.
1448 515 1509 578 465

198 663 240 736 τὸ
261 671 323 756 μὲν
344 669 399 738 ίπλ
422 665 462 740 τὸ
486 673 555 757 ζῆν,
588 667 629 740 τὸ
657 673 691 740 δὲ
721 671 774 741 ἐπί
803 668 844 742 τό
867 661 903 740 εύ
930 675 1000 760 ζῆν,
1032 669 1073 742 τὸ
1096 675 1131 742 δὲ
1153 673 1207 742 ἐπλ
1231 669 1271 742 τὸ
1292 675 1440 758 μελετᾶν
1463 669 1506 742 τά

202 761 420 838 ἀποδεικτικὰ
441 773 622 858 γεγένηται.

284 889 346 955 Ναί
370 882 437 974 μὴν
457 887 490 955 οί
513 889 670 974 λέγοντες
691 883 756 974 τήν
777 892 984 974 φιλοσοφίαν
1009 890 1047 958 ἐκ
1069 891 1133 958 τοῦ
1154 881 1314 968 διαβόλου
1335 881 1504 975 ὁρμᾶσθαι
1523 903 1600 968 σοι

198 977 343 1072 κάκείνῳ
371 981 660 1074 ίπιστησάτωσαν,
693 977 747 1056 ότι
774 989 877 1076 φησίν
899 981 919 1076 ή
941 985 1054 1074 γραφὴ
1075 991 1420 1074 μετασχηματίζεσθαι
1443 983 1506 1056 τόν

162 1078 359 1169 ῠδιάβολον
384 1089 448 1166 »είς
470 1081 614 1174 ἄγγελον
637 1080 789 1171 φωτόςι,
822 1091 855 1156 τί
875 1081 1080 1176 ποιήσοντα·
1111 1077 1264 1174 εύδηλσν,
1297 1075 1351 1154 ὅτι
1373 1109 1506 1174 προφη-

199 1179 372 1254 τεύσαντα.
415 1187 444 1253 εί
465 1188 500 1256 δὲ
522 1180 571 1266 οίς
593 1181 733 1272 ἄγγελος
755 1181 874 1270 φωτός
895 1183 1115 1274 προφητεύει,
1137 1181 1252 1274 ἀληθῆ
1274 1181 1339 1270 ἀρα
1361 1187 1435 1272 ἐρεῖ.
1478 1188 1543 1254 είθ

199 1276 356 1370 ἀγγελικὰ
376 1288 430 1354 καί
453 1279 616 1368 φωτεινά,
639 1282 867 1373 προφητεύσει
887 1291 943 1356 καί
966 1281 1121 1374 ἀφίλιμα
1142 1279 1234 1366 τότε,
1259 1275 1316 1354 ὅτε
1339 1289 1393 1354 καί
1408 1309 1506 1372 μετα-

200 1388 435 1468 σχηματίζεται
462 1378 545 1452 καθ’
568 1377 755 1472 ὁμοιότητα
781 1387 960 1472 ἐνεργείας.
991 1381 1056 1456 κάν
1078 1383 1185 1468 ἄλλος
1205 1375 1226 1472 ᾖ
1250 1381 1337 1454 κατὰ
1360 1379 1401 1452 τὸ
1422 1379 1506 1453 ύπο-

199 1485 353 1568 κείμενον
376 1485 436 1570 τῆς
459 1479 675 1564 ἀποοτασίας.
711 1489 782 1554 ἐπεὶ
804 1489 879 1568 πῶς
901 1480 944 1556 ἀν
966 1478 1170 1574 ἀπατήσειίν
1192 1509 1278 1564 τινα,
1302 1481 1346 1572 μή
1362 1479 1417 1552 διά
1433 1487 1507 1552 τῶν
1526 1497 1545 1552 8

144 1591 181 1646 10
200 1573 347 1665 ἀληθῶν
368 1573 580 1670 ὑπαγόμενος
603 1579 666 1654 τὸν
688 1589 864 1672 φιλομαθῆ
887 1587 933 1668 είς
956 1581 1151 1673 οἰκειότητα
1165 1587 1218 1654 καί
1236 1576 1349 1664 οὕτως
1363 1575 1507 1668 ὕστερον

200 1682 246 1760 είς
284 1685 406 1762 ψεῦδος
440 1675 637 1768 ύποούρων,·
673 1680 787 1764 ἄλλως
822 1711 859 1756 τε
889 1691 945 1754 καί
981 1679 1202 1774 ἐπιστάμενος
1238 1682 1304 1772 τήν
1339 1677 1544 1774 ἀλήθειαν4

199 1775 425 1870 εύρεθήοεται,
447 1785 502 1852 καί
524 1783 554 1852 εί
573 1779 619 1873 μή
641 1788 913 1874 καταληπτικῶς,
935 1779 1010 1856 ἀλλ’
1027 1775 1091 1856 ούν
1107 1779 1170 1855 ούκ
1185 1777 1325 1872 ἀπειρός
1341 1809 1378 1871 γε
1393 1776 1505 1871 αύτῆς.

200 1873 242 1950 σύ
264 1887 383 1952 τοίνυν
405 1879 531 1970 ψευδής
552 1876 573 1970 ή
596 1889 796 1969 φιλοσοφία,
827 1879 892 1956 κάν
914 1877 933 1954 ό
954 1889 1103 1972 κλέπτης
1129 1890 1184 1954 καί
1207 1877 1226 1954 ό
1250 1879 1398 1970 ψεύστης
1418 1879 1543 1952 κατάσ

199 1977 511 2070 μετασχηματισμὸν
534 1983 700 2071 ἐνεργείας
723 1981 764 2054 τά
786 1979 899 2072 ἀληθῆ
921 1987 1011 2072 λίγη,
1034 1977 1112 2056 ούδί
1130 1981 1197 2072 μὴν
1212 1981 1266 2055 διὰ
1282 1979 1346 2052 τὸν
1361 1985 1507 2069 λέγοντα

148 2089 182 2142 15
200 2085 534 2168 προκαταγνωστίον
563 2075 707 2170 ἀμαθῶς
737 2087 791 2152 καί
822 2089 896 2153 τῶν
926 2087 1130 2172 λεγομένων,
1162 2079 1247 2169 ὅπερ
1273 2087 1329 2152 καί
1356 2083 1507 2153 ἐπὶτῶν

199 2175 430 2266 δθθφητεύειν
459 2185 521 2250 νῦν
552 2179 592 2270 δή
624 2187 818 2272 λεγομένοιν
848 2188 1119 2272 παρατηρητέον,
1150 2176 1237 2254 ἀλλὰ
1271 2179 1314 2251 τὰ
1346 2175 1508 2269 λεγόμενα

200 2281 401 2366 σκοπητίον,
424 2281 452 2348 εί
473 2285 535 2368 τῆς
557 2275 719 2370 ἀληθείας
740 2283 858 2370 ἔχεται.

279 2387 359 2482 Ἤδη
386 2398 421 2463 δὲ
447 2401 502 2464 καί
529 2403 707 2488 καθολικῷ
731 2394 823 2486 λόγῳ
846 2395 960 2470 πάντα
983 2395 1058 2486 (τὰ)
1082 2393 1247 2484 ἀναγκαία
1269 2403 1325 2466 καί
1348 2401 1507 2484 λυσιτελῆ
1526 2411 1602 2478 om

202 2499 253 2580 τῷ
275 2500 338 2582 βίῳ
362 2489 490 2564 θεόθεν
511 2491 606 2584 ήκειν
628 2502 673 2578 είς
700 2493 784 2586 ἡμᾶς
811 2503 967 2587 λέγοντες
989 2493 1051 2568 ούκ
1073 2493 1116 2567 ἀν
1137 2489 1353 2584 ἀμόρτοιμεν,
1385 2493 1450 2584 τήν
1472 2499 1507 2565 δὲ

149 2611 184 2664 20
203 2601 410 2680 φιλοσοφίαν
430 2599 486 2664 καλ
507 2589 815 2686 μᾶλλονἝλλησιν,
838 2595 913 2668 οίσν
936 2593 1104 2686 διαθήκην
1127 2600 1254 2666 οίκείαν
1269 2589 1393 2676 αύτοίς,
1415 2589 1507 2666 δεόό-

202 2699 292 2771 σθαι,
315 2687 518 2782 ύποβάθραν
542 2685 647 2766 οὖσαν
669 2701 730 2784 τῆς
751 2696 839 2768 κατὰ
863 2695 1011 2784 Χριστὸν
1034 2701 1247 2782 φιλοσοφίας,
1272 2689 1337 2764 κᾶν
1357 2695 1390 2764 σί
1413 2701 1507 2780 φιλο-

202 2796 391 2877 σοφοῦντες
412 2791 455 2863 τὰ
475 2787 649 2883 Ἑλλήνων
674 2799 922 2884 ίθελοκωφῶσι
949 2793 1015 2884 τὴν
1036 2791 1211 2884 ἀλήθειαν,
1242 2797 1508 2880 ἐξευτελίζοντες

203 2887 268 2978 τήν
291 2889 414 2980 φωνήν
437 2892 501 2982 τήν
521 2891 702 2984 βαρβόρων
722 2891 743 2984 ἢ
765 2903 821 2966 καί
842 2891 1060 2986 ύφοραόμενοι
1084 2905 1089 2978 Ι
1113 2893 1177 2967 τὸν
1198 2897 1434 2984 ἐπηρτημένον
1455 2899 1507 2978 τῷ
1526 2909 1610 2964 774Ρ

202 2997 314 3080 πιστῷ
337 2991 424 3064 κατὰ
446 2992 526 3076 τούς
547 2993 745 3078 πολιτικούς
768 2991 893 3084 νόμους
919 3001 982 3068 τοῦ
1003 2991 1161 3066 θανάτου
1181 2999 1350 3066 κίνδυνον.
1394 2989 1545 3080 &mm

151 3105 185 3160 25
203 3093 238 3158 δὲ
260 3093 298 3160 ἐν
320 3097 361 3178 τῇ
383 3089 540 3184 βαρβάρῳ
563 3103 762 3186 φιλοσοφίᾳ,
796 3087 909 3179 οὕτως
931 3101 986 3166 καί
1013 3099 1050 3166 ίν
1073 3101 1114 3182 τῇ
1134 3087 1313 3185 Ἑλληνικῇ
1336 3089 1508 3180 ίπεσπάρη

203 3187 246 3258 τὰ
277 3187 405 3276 ςιςάνια
434 3191 520 3282 πρὸς
552 3199 613 3264 τοῦ
643 3201 717 3266 τῶν
748 3203 906 3282 ζιζανίων
936 3198 1063 3266 οίκείυυ
1092 3199 1252 3282 γεωργοῦ.
1297 3187 1381 3264 ὅθεν
1412 3195 1451 3262 αί
1473 3219 1507 3262 τε

203 3291 342 3378 αίρίσεις
372 3287 455 3378 παρ’
478 3287 557 3382 ήμιν
587 3291 845 3384 συνανεφύησαν
872 3301 923 3386 τῷ
950 3301 1079 3384 γονίμῳ
1097 3299 1195 3384 πυρῷ
1226 3296 1263 3364 οἵ
1280 3321 1317 3364 τε
1339 3291 1404 3382 τήν
1424 3287 1510 3362 Ἐπι-

203 3385 330 3476 κούρου
361 3387 534 3480 ἀθεότητα
563 3399 619 3464 καί
650 3391 714 3482 τήν
744 3389 873 3484 ἡδονήν
901 3402 957 3464 καί
988 3385 1050 3464 ὅσα
1076 3391 1164 3466 ἀλλα
1191 3389 1283 3482 παρὰ
1311 3391 1374 3464 τὸν
1401 3385 1512 3482 ἀρθόν

205 3485 312 3578 λόγον
341 3494 548 3580 ίπίσπαρται
579 3499 621 3580 τῇ
642 3487 817 3582 Ἑλληνικῇ
849 3499 1034 3584 φιλοσοφίᾳ
1064 3489 1291 3582 κηρύσσοντες
1322 3489 1423 3564 νόθοι
1451 3495 1512 3576 τῆς

153 3605 187 3660 30
206 3583 332 3660 θεόθεν
362 3595 573 3680 δωρηθείσης
604 3599 768 3682 γεωργίας
791 3587 949 3682 Ἕλλησιν
978 3587 1164 3679 ύπάρχουσι
1195 3597 1328 3678 καρποί.
1381 3587 1511 3678 ταύτην
1530 3607 1607 3673 θθ,1

207 3695 350 3774 εοοφίαν
380 3697 443 3762 τοῦ
473 3695 598 3774 αἰῶνος
629 3691 771 3764 τούτουι
807 3692 871 3782 τήν
897 3689 1087 3783 φιλήδονον
1112 3697 1168 3762 καί
1194 3697 1364 3776 φίλαυτον
1386 3683 1405 3761 ό
1427 3685 1511 3762 ἀπό-

205 3798 328 3872 στολος
350 3797 451 3880 λέγει,
474 3786 523 3872 οἷς
544 3787 587 3862 ἀν
610 3789 652 3862 τὰ
676 3798 738 3863 τοῦ
759 3787 888 3882 κόσμου
909 3797 1009 3863 τοῦδε
1030 3795 1084 3860 καί
1108 3788 1150 3860 τὰ
1172 3795 1248 3876 περί
1273 3784 1381 3861 αύτόν
1402 3785 1512 3878 μόνον

205 3885 427 3960 διδάσκουσαν
453 3887 677 3980 ἀποκειμένην
704 3919 740 3962 τε
763 3887 967 3974 ἀκολούθως
993 3887 1081 3960 κατὰ
1102 3895 1315 3975 προστασίαν
1337 3905 1409 3970 τοῖς
1432 3893 1510 3976 τῇδε

205 3987 354 4076 ἄρχουσι·
377 3987 430 4060 διὸ
452 3997 506 4060 καί
530 3987 762 4080 στοιχειωτική
785 3999 837 4072 τίς
858 3995 952 4061 ἐστιν
967 3985 987 4078 ή
1002 3987 1119 4078 μερική
1136 3981 1221 4076 αύτη
1239 3993 1435 4074 φιλοσοφία,
1452 3991 1512 4074 τῆς

157 4103 187 4156 35
206 4095 335 4172 τελείας
366 4082 477 4172 ὄντως
506 4087 692 4178 ἐπιστήμης
720 4093 874 4162 ίπίκεινα
903 4085 1032 4178 κόσμου
1058 4095 1133 4176 περὶ
1164 4087 1207 4158 τὰ
1239 4087 1347 4176 νοητὰ
1374 4092 1430 4158 καί
1462 4089 1511 4156 ἔτι

289 4307 307 4362 ὅ
332 4305 386 4376 vgl.
407 4307 430 4361 11
449 4307 511 4364 Κοτ.
532 4311 622 4367 11.14
703 4307 815 4364 25-27
837 4305 891 4376 vgl.
911 4306 1010 4362 nath.
1031 4308 1069 4374 13,
1088 4305 1149 4360 25ί.
1167 4307 1201 4360 39
1282 4305 1319 4360 δί
1342 4305 1352 4356 l
1372 4303 1435 4360 Kor.
1453 4305 1477 4366 2.
1495 4309 1512 4358 θ

290 4502 454 4580 waning»
473 4507 519 4562 δίο
544 4507 701 4562 κακεῖνοίι
782 4507 799 4560 5
822 4507 978 4576 ποιήσοντα
1000 4507 1036 4576 Sy
1063 4505 1220 4573 ποιήσαντα
1243 4503 1263 4556 L
1344 4499 1426 4568 δίας
1443 4521 1512 4558 οοττ.

206 4589 380 4656 αυτείςίιῑ
462 4593 498 4648 12
526 4610 558 4662 γε
577 4595 613 4662 Sy
639 4592 713 4648 nL
800 4592 838 4646 18
862 4589 924 4658 (τὰ)
942 4591 972 4644 St
1053 4593 1090 4646 λι
1114 4585 1276 4658 ἐπιβάθραν
1302 4585 1367 4656 (ng
1387 4587 1469 4642 Ροεδ.
1490 4589 1512 4642 ΙΙ

206 4679 248 4740 53,
266 4675 292 4742 2)
311 4675 397 4731 cobet
414 4677 438 4730 S.
456 4679 507 4732 494
588 4677 629 4732 ⁸⁰
646 4677 822 4746 δωρηθείσης
839 4677 888 4744 (δω
906 4691 974 4732 corr.
992 4693 1041 4730 ουτ
1057 4675 1104 4745 γα)
1123 4675 1156 4728 Ιιί

263 4761 288 4806 el
291 4772 372 4806 οοοοο
387 4761 417 4806 11.
