3784 5532
612 533 753 588 ειεοιιιιι
771 531 789 589 1.
812 533 876 604 οιρ.
889 533 988 588 xxm.
1008 535 1223 602 ιει,3-ιιο,ι.
1532 539 1572 602 95

267 701 375 786 μοῦσα
398 693 418 787 ῆ
440 691 568 786 ύδελφῆ
596 701 659 766 τοῦ
679 692 800 778 παιδὸς
828 699 913 784 ἔχειν
935 699 1080 784 ἔφασκεν
1100 691 1254 782 Ἐβραίαν
1276 711 1417 784 γυναῖκα
1437 691 1482 784 μῆ
1504 691 1572 780 πρὸ

268 801 401 870 πολλοῦ
441 814 620 868 τετοκυῖαν
655 801 867 884 παραστῆσαι
899 793 984 884 αύτῆ
1015 793 1162 884 τροφόν,
1193 801 1222 866 εί
1247 793 1419 882 βούλοιτο·
1454 801 1514 884 τῆς
1537 797 1573 866 δὲ

267 901 474 985 συνθεμένης
503 901 559 966 καί
589 899 765 984 δεηθείσης
794 893 984 986 παρήνεγκε
1014 895 1079 986 τῆν
1108 901 1236 986 μητέρα
1266 893 1330 984 τῆν
1360 900 1423 966 τού
1452 891 1574 978 παιδὸς

269 993 402 1082 τροφὸν
423 990 637 1084 ίσαμένην“
608 1023 656 1076 ως
678 1021 756 1066 τινα
778 993 886 1084 ἄλλην
908 987 1015 1067 οὖσαν
1035 999 1090 1066 ἐπὶ
1112 996 1208 1086 ῥητῷ
1229 1001 1352 1086 μισθῷ.
1388 995 1460 1066 είτα
1482 1001 1573 1065 τίθε·
1592 1001 1611 1057 δ

234 1113 326 1166 σται
357 1101 408 1185 τῷ
438 1087 614 1184 παιδίῳ”
594 1121 703 1184 ονομα
725 1089 746 1182 ῆ
767 1100 895 1176 βασιλίς
919 1100 1070 1184 Μωυσῆν
1095 1095 1225 1184 ἐτύμως
1251 1091 1305 1166 διδ
1328 1091 1369 1164 τὸ
1391 1097 1426 1180 ἐξ
1447 1085 1573 1176 ὕδατος

269 1191 450 1266 ύνελέσθαι
479 1189 564 1264 αύτύ
593 1192 648 1278 (τὸ
679 1191 742 1282 γὰρ
763 1189 855 1282 ύδωρ
885 1201 960 1284 μῶυ
990 1188 1216 1283 ὀνομάζουσιν
1237 1191 1446 1284 Αἰγύπτιοι),
1474 1185 1572 1274 είς“
1554 1221 1573 1262 ο

269 1297 458 1366 ἐπιτέθειται
489 1288 745 1382 τεθνηξόμενος.
787 1301 843 1364 καί
873 1293 936 1383 γάρ
967 1322 1022 1366 τοι
1045 1301 1196 1386 Μωυσῆν
1223 1291 1285 1366 τὸν
1308 1289 1574 1366 ἀναπνεύσαντα

270 1399 320 1482 τῷ
351 1385 448 1463 ύδατι
478 1389 773 1480 προσαγορεύσασα
815 1397 920 1482 δῆλον
951 1385 1013 1466 ούν
1044 1391 1092 1476 τύς
1114 1399 1223 1484 ἐντῷ
1246 1395 1439 1484 ἔμπροσθεν
1459 1387 1573 1480 χρόνῳ
1593 1398 1685 1462 1501

269 1497 513 1582 περιτμηθέντι
544 1497 595 1580 τῷ
628 1497 752 1582 παιδίῳ
784 1495 817 1564 οί
847 1512 958 1582 γονεις
989 1498 1111 1566 ίθεντο
1142 1487 1250 1584 ὄνομά
1281 1521 1328 1576 τι,
1359 1495 1511 1564 ἐκαλεῖτο
1538 1493 1573 1560 δὲ

218 1605 252 1660 10
268 1589 424 1714 ’Iomanem
459 1595 552 1682 ἔσχεν
574 1561 609 1662 δὲ
630 1597 685 1662 καί
708 1599 826 1682 τρίτον
848 1585 956 1683 ὄνομα
977 1597 1015 1665 ίν
1037 1589 1174 1686 ούρανῴ
1197 1593 1282 1683 μετὰ
1305 1591 1369 1684 τῆν
1391 1585 1573 1678 ἀνάληψιν,

269 1721 317 1773 εις
335 1699 341 1774 l
360 1714 463 1778 φασιν
493 1693 526 1764 οί
556 1690 691 1780 μύσται,
723 1699 836 1780 Μελχί.
879 1695 916 1764 δν
943 1697 978 1763 δὲ
1005 1688 1116 1786 ῆίικίᾳ
1143 1689 1324 1784 γενόμενος
1345 1684 1574 1810 ύριθμητιπῆν
1591 1691 1713 1748 4¹3P2

270 1817 304 1862 τε
328 1797 383 1862 καί
409 1800 633 1912 γεωμετρίαν
647 1787 818 1880 ρυθμικῆν
844 1819 882 1862 τε
908 1787 1005 1864 καί
985 1791 1172 1884 αρμονικῆν
1193 1797 1243 1864 ἔτι
1266 1819 1303 1864 τε
1323 1786 1486 1881 μετρικῆν
1507 1815 1573 1876 αμα

267 1895 322 1960 καὶ
353 1889 517 1980 μουσιπῆν
545 1889 639 1980 παρὰ
671 1907 745 1974 τσίς
780 1895 1022 1979 διαπρέπουσιν
1052 1895 1254 1982 Αίγυπτίων
1289 1885 1482 1964 ἐδιδύσκετο
1518 1893 1574 1958 καί

268 1995 408 2076 προσέτι
438 1989 503 2080 τῆν
533 1989 587 2062 διὰ
619 1985 799 2082 συμβόλων
829 1990 1104 2078 φιλοσοφίαν,“
1083 2019 1126 2082 ην
1156 1995 1193 2064 ίν
1222 2007 1295 2074 τοις
1325 1992 1574 2078 ίερογλυφικοις

218 2101 250 2154 15
269 2085 456 2178 γράμμασιν
477 2093 735 2162 ἐπιδείκνυνται.
772 2088 837 2180 τῆν
858 2095 894 2160 δί
916 2089 1026 2180 ἄλλην
1046 2087 1222 2180 ἐγκύκλιον
1243 2093 1399 2162 παιδείαν
1413 2082 1573 2176 Ἕλληνες

268 2192 443 2260 ἐδίδασκον
463 2193 501 2260 ἐν
523 2187 702 2279 Αἰγύπτῳ,
732 2185 781 2272 ὥς
802 2185 846 2260 ἂν
868 2188 1044 2274 βασιλικὸν
1064 2197 1217 2274 παιδίον,
1248 2183 1268 2278 ῆ
1292 2211 1374 2280 φησι
1398 2196 1515 2260 Φίλων
1535 2191 1574 2258 έν

268 2295 318 2378 τῷ
336 2294 509 2370 Μωυσέως
531 2295 604 2378 βίῳ,
631 2285 892 2378 πρυσεμύνθανε
914 2295 951 2360 δὲ
974 2287 1016 2359 τὰ
1030 2285 1211 2378 Ἆσσυρίων
1232 2285 1409 2378 γρύμματα
1430 2294 1485 2358 καί
1507 2283 1610 2376 τῆνδ

269 2393 342 2459 τῶν
372 2384 543 2474 ούρανίων
571 2383 758 2478 ἐπιστήμην
787 2383 879 2476 παρά
909 2415 947 2460 τε
970 2394 1154 2462 Χαλδαίων
1183 2385 1275 2476 παρύ
1301 2415 1339 2458 τε
1362 2390 1571 2476 Αἰγυπτίων,

267 2479 351 2556 ὅθεν
372 2491 410 2559 έν
432 2506 505 2568 ταις
526 2485 671 2574 Πρύξεσι
700 2493 830 2560 »πᾶσαν
856 2495 981 2574 σοφίαν
1003 2493 1202 2578 Αίγυπτίων
1227 2492 1489 2560 πεπαιδεῦσθαιι
1514 2491 1571 2572 φέ-

215 2595 250 2650 20
267 2613 368 2674 ρεται.
414 2581 612 2676 Εύπύλεμος
637 2591 673 2656 δὲ
699 2591 736 2656 έν
764 2593 814 2677 τῷ
837 2593 912 2674 περί
936 2595 1009 2658 τῶν
1030 2593 1067 2659 έν
1090 2597 1130 2678 τῆ
1151 2583 1290 2678 Ἰουδαίᾳ
1320 2591 1487 2672 βασιλέων
1508 2581 1609 2656 τόνί

353 2855 417 2910 lor
441 2872 474 2910 τα
500 2855 553 2910 den
580 2855 773 2912 λίσαι-Νεκυίαν
796 2855 851 2926 νηί
875 2855 904 2912 Ε.
923 2856 1029 2922 Naue,
1055 2855 1169 2912 Jahrbb.
1192 2857 1210 2912 ί.
1229 2857 1299 2927 prot„
1318 2854 1413 2910 Τίεεοί.
1433 2855 1466 2908 18
1482 2853 1570 2922 (1892)

266 2939 291 2994 S.
310 2941 373 3000 6⁴2:
400 2939 427 2994 8.
445 2939 554 3006 nnana,
573 2939 639 2996 ίαττ.
658 2938 751 3006 Quart
769 2939 1121 3010 Rev.5(1893)s.136r;
1149 2943 1182 3000 10
1199 2943 1287 3010 (1808)
1305 2941 1330 2996 S.
1350 2941 1399 2994 726
1481 2937 1520 2994 10
1537 2954 1571 2990 τα

266 3021 410 3094 ἀνάληψιν
427 3022 483 3093 τρλ
500 3023 562 3078 ίυδ
580 3027 597 3081 9
679 3023 792 3082 11-18
815 3025 870 3094 vgl.
888 3025 981 3092 Philo,
1007 3025 1048 3082 De
1066 3025 1125 3080 vita
1141 3025 1208 3082 Μαι.
1228 3025 1239 3078 1
1257 3026 1290 3080 23
1315 3025 1350 3092 (11
1369 3043 1394 3096 p.
1408 3025 1441 3078 84
1454 3021 1492 3086 Μ)
1511 3018 1571 3092 ἀρι-

266 3105 359 3176 θμούς
375 3107 429 3178 μὲν
446 3101 497 3164 οὖν
514 3109 563 3164 καί
581 3109 757 3180 γεωμετρίαν
773 3111 825 3178 τῆν
842 3129 872 3167 τε
891 3105 1031 3180 δυθμικῆν
1049 3111 1099 3167 καί
1116 3105 1275 3182 ἁρμονικὴν
1291 3111 1340 3166 καί
1350 3108 1486 3178 μετρικῆν
1498 3107 1571 3163 θεω·

266 3193 332 3264 ρίαν
357 3193 406 3248 καί
431 3194 571 3262 μουσικῆν
597 3195 647 3262 την
673 3191 826 3262 σύμπασαν
851 3191 896 3250 διαί
924 3211 955 3251 τε
975 3195 1104 3264 χρήσεως
1125 3191 1257 3268 δργύνων
1278 3195 1328 3249 καί
1349 3191 1443 3264 λύγων
1465 3197 1523 3246 τῶν
1540 3185 1572 3246 έν

266 3283 329 3342 ταῖς
355 3275 467 3346 τέχναις
491 3278 540 3332 καί
565 3277 700 3344 διεξόδοις
725 3276 930 3350 τοπικωτέραις
952 3277 1113 3350 Αἰγυπτίων
1140 3275 1169 3336 σί
1193 3279 1286 3348 λδγιαι
1312 3277 1501 3346 παρεδίδοσαν
1523 3277 1571 3330 καί

267 3359 383 3432 προσέτι
409 3361 461 3428 την
486 3358 531 3417 διὰ
558 3361 708 3432 συμβόλων
726 3363 910 3432 φιλοσοφίαν,
934 3363 967 3434 ῆν
989 3361 1022 3420 έν
1038 3371 1100 3432 τοῖς
1117 3363 1284 3434 λεγομένοις
1301 3359 1388 3432 λεροῑς
1405 3359 1572 3432 γρύμμααιν

266 3441 468 3502 ἐπιδείκνυνται
485 3447 534 3501 καί
551 3445 596 3500 διὰ
613 3451 664 3514 τῆς
680 3451 738 3501 τῶν
756 3441 837 3520 ζῴων
855 3443 1006 3518 ἀποδοχῆς,
1025 3443 1043 3503 ίί
1061 3450 1110 3504 καί
1128 3451 1205 3505 θεῶν
1222 3453 1317 3516 τιμαῖς
1328 3447 1503 3518 γεραίρουσι·
1521 3445 1572 3514 τῆν

266 3521 294 3582 δ’
309 3525 398 3600 ἄλλην
414 3527 562 3601 ἐγκύκλιον
580 3529 708 3586 παιδείαν
722 3521 855 3600 Ἳίλληιές
873 3527 1026 3598 ἐδίδασκον,
1050 3529 1078 3588 σί
1100 3527 1128 3587 δ’
1140 3531 1173 3590 έκ
1189 3539 1247 3588 τῶν
1264 3525 1469 3602 πλησιοχώρων
1488 3525 1523 3586 τύ
1541 3547 1571 3586 τε

267 3607 394 3684 ’.ίσσύρια
412 3613 569 3684 γράμματα
586 3615 635 3670 καί
652 3617 703 3684 τὴν
720 3621 778 3670 τῶν
796 3612 938 3690 οὐρανίων
950 3617 1112 3686 Χαλδαίκῆν
1129 3614 1292 3686 ἐπιστήμην.
1372 3616 1410 3671 ίθ
1429 3615 1489 3670 Aet.
1503 3615 1526 3680 7,
1538 3615 1572 3670 22

308 3697 409 3754 20-8.
431 3699 479 3764 00,
502 3699 521 3754 δ
548 3697 713 3768 Eupolemus
739 3699 815 3755 δαί
843 3699 1027 3756 θεουδεοίίιιί
1053 3701 1078 3756 S.
1096 3701 1147 3757 225
1173 3703 1216 3768 (=-·
1236 3699 1391 3756 Alexander
1417 3697 1573 3768 Ροίγίιίτίοι

266 3781 308 3836 Fr.
324 3783 354 3836 13
367 3781 440 3838 θ’Ηο
458 3782 495 3834 111
514 3799 539 3852 ρ.
552 3783 648 3836 220
661 3781 758 3840 Euneb
772 3783 867 3856 Ρεεερ
881 3785 929 3840 Εν.
944 3783 981 3840 IX
993 3787 1049 3852 26ης
1069 3783 1124 3854 vgl.
1137 3787 1199 3856 Cyr.
1212 3803 1236 3840 v.
1250 3785 1327 3842 Alex
1340 3781 1508 3838 Conthul
1522 3781 1571 3834 vu

267 3883 292 3936 ρ
310 3869 357 3923 231
372 3863 396 3920 Ε
414 3865 517 3922 Δυλιετί
544 3864 646 3936 ταύτης
673 3864 791 3942 ίδίηέ
754 3865 894 3937 μέμνηται
921 3875 969 3936 τῆς
996 3865 1122 3941 ἱστορίας
1147 3869 1207 3938 (δατ
1229 3869 1389 3938 Εηθίιίαιις
1411 3868 1459 3924 de·
1482 3865 1571 3936 Ευρο·

266 3949 362 4018 lemos)
385 3945 416 4006 ἐν
438 3957 498 4016 ταῖς
515 3951 736 4022 Στρωματεθσιν
754 3951 771 4008 δ
789 3954 913 4022 ίίλῆμης,
932 3951 1003 4026 ανὴρ
1022 3951 1175 4054 έλλδγιμος
1191 3955 1240 4010 καί
1258 3954 1422 4024 φιλομαθὴς
1437 3953 1487 4008 καί
1504 3947 1572 4006 ἀνα-

266 4031 443 4104 γνωσμάτων
462 4025 632 4104 Ελληνικῶν
654 4039 934 4108 ποίμιπραγμωησας
954 4037 1060 4110 βάθος,
1087 4031 1127 4102 ὼς
1149 4035 1240 4108 δλίγσι
1262 4056 1336 4109 ταγα
1359 4055 1414 4092 ποι
1436 4041 1494 4092 τῶν
1516 4035 1572 4102 πρδ

267 4115 362 4174 αίιιοῦ.

352 4353 370 4408 2
389 4359 569 4424 παραστῆσαι
587 4352 618 4408 st
639 4355 869 4424 παραστῆσεινίι
903 4355 949 4424 ῆνί
968 4356 1160 4426 παραστῆσειν
1180 4353 1214 4408 Di
1295 4357 1313 4410 θ
1331 4349 1441 4421 ἐτύμως
1460 4351 1494 4404 L²
1510 4349 1572 4416 (πίε

267 4435 358 4491 Philo)
375 4431 496 4504 ἑτοίμως
518 4437 555 4490 L*
624 4437 752 4510 δίαίιτδ]
771 4438 858 4494 Cobet
878 4439 903 4494 S.
924 4441 971 4495 170
1039 4437 1109 4508 [τδ-
1127 4437 1285 4508 Αίγύπτιοι]
1303 4437 1350 4491 wi
1421 4437 1459 4494 ίί
1474 4437 1571 4506 [καί-

267 4519 522 4592 πρσσαγσρεύουσι]
541 4521 586 4578 wi
668 4519 920 4580 έναπσπνεύσανια
942 4523 1029 4578 Cobet
1116 4525 1152 4578 12
1176 4521 1317 4594 διθμικην
1335 4520 1415 4578 Philo
1437 4519 1570 4594 δυθμητι·

265 4603 357 4673 κῆνίι
441 4611 577 4678 μετρικην
599 4607 680 4664 Philo
709 4605 877 4676 ίατρικῆνο
969 4607 1004 4662 λλ
1034 4599 1183 4678 ἶίσσυρίων
1202 4605 1282 4662 Philo
1309 4605 1503 4678 Alyvuu'wvb

268 4689 307 4744 20
325 4693 382 4744 τῶν
399 4685 430 4746 έν
447 4707 493 4746 κιο
511 4691 590 4746 Βατιδ
608 4692 641 4746 Ιδ
723 4697 768 4760 τῆι
787 4689 907 4746 ίοεδαίαι
925 4689 959 4742 Ιιί
984 4695 1032 4758 τῆς
1049 4687 1175 4756 ίουδιιίας
1192 4691 1228 4744 L·
