3760 5534
554 549 693 604 θίτοωοίο
710 549 757 604 111.
779 548 843 622 Cup.
855 551 927 606 XIV.
945 553 987 620 95,
999 553 1113 624 3-Οορ.
1126 551 1185 608 XV.
1203 555 1244 620 99,
1256 555 1280 609 4.
1507 561 1566 622 241

262 707 379 794 πόλεις
400 715 436 782 δὲ
457 713 492 800 &g
514 717 630 796 οίκων,
661 713 780 798 καθώς
801 722 856 786 καί
879 708 898 784 6
920 721 1055 798 Παῦλος
1077 715 1158 798 τοῦς
1178 724 1255 802 περὶ
1277 712 1385 806 γάμον
1406 711 1568 804 άσχολου

262 815 385 900 μένους
409 809 542 902 »κόσμῳ
564 807 733 900 ἀρέσκεινι
758 813 832 902 ἔφη.

346 941 455 1016 Πάλιν
477 939 496 1016 6
519 939 633 1032 κῦριῦς
655 967 771 1034 φησιν·
797 939 833 1016 »6
856 945 961 1038 γήμας
982 947 1027 1038 μή
1049 951 1241 1033 έκβαλλέτω
1255 955 1311 1018 καί
1327 941 1346 1020 6
1360 945 1405 1036 μή
1420 945 1568 1038 γαμήσας
1588 959 1606 1016 4

261 1043 307 1134 μή
339 1051 516 1134 γαμείτω,«
551 1039 570 1114 6
600 1043 687 1115 κατὰ
718 1041 884 1134 πρόθεσιν
915 1043 1088 1135 εῦνουχίας
1119 1041 1330 1138 ὁμολογήσας
1359 1045 1404 1138 μή
1435 1053 1536 1137 γῆμαι
1565 1078 1568 1107 ¹

229 1143 391 1234 σάγαμος
422 1147 615 1232 διαμενέτω.
659 1137 864 1233 ἀμφοτέροις
893 1152 977 1234 γοῦν
1007 1141 1026 1216 6
1053 1143 1156 1230 αὐτὸς
1181 1145 1297 1236 κῦρισς
1323 1145 1377 1218 διά
1405 1153 1467 1218 τοῦ
1488 1176 1570 1236 προ·
1587 1163 1752 1232 ‘lolem

264 1241 377 1334 φήτου
397 1238 531 1314 Ἡσαΐου
553 1241 615 1324 τὰς
636 1240 869 1332 καταλλήλους
892 1249 1029 1315 δίδωσιν
1051 1249 1248 1334 ἐπαγγελίας
1270 1235 1340 1335 ᾦδέ
1357 1274 1433 1328 πως
1448 1253 1568 1335 λέγων·

267 1342 328 1434 »μή
359 1348 487 1432 λεγέτω
514 1335 533 1412 6
560 1337 719 1430 εὐνοῦχος
751 1335 805 1414 ὅτι
836 1341 939 1430 ξύλον
965 1349 1029 1433 είμί
1050 1341 1166 1433 ξηρόν·
1203 1341 1282 1416 τάδε
1304 1349 1390 1434 λέγει
1413 1339 1432 1417 6
1454 1344 1570 1434 κύριος

264 1461 337 1526 τοῖς
358 1439 543 1531 εὐνούχοις·
579 1439 640 1512 έάν
666 1437 836 1534 φυλάξατε
865 1441 907 1515 τά
934 1439 1085 1530 σάββατά
1106 1472 1172 1533 μου
1193 1451 1248 1516 καί
1270 1441 1433 1534 ποιήσητε
1455 1441 1570 1516 πάντα

265 1535 326 1613 ὅσα
349 1545 563 1630 ἐντέλλομαι,
594 1539 694 1613 δαῦσω
715 1537 794 1631 ῦμίν
815 1537 927 1615 τόπον
946 1550 1128 1630 κρείττονα
1150 1545 1236 1614 υίοῦν
1257 1549 1313 1612 καί
1335 1549 1566 1632 θιηατέρων·ι

213 1638 306 1713 10οῦ
335 1639 397 1730 γὰρ
426 1637 535 1730 μόνον
562 1637 582 1730 ἦ
608 1637 762 1729 εῦνουχία
788 1647 913 1714 δικαιοί
932 1639 1009 1715 οῦδὲ
1030 1641 1098 1734 μήν
1120 1639 1161 1713 τὸ
1184 1647 1247 1712 τοῦ
1269 1637 1430 1730 εὐνούχου
1452 1639 1608 1730 σάββαῖ

266 1767 343 1817 τον,
374 1737 434 1812 έάν
463 1740 508 1831 μή
538 1737 664 1830 ποιήσῃ
695 1740 756 1821 τὰς
786 1737 937 1826 ἐντολάς.
980 1759 1051 1826 τοῖς
1082 1738 1245 1832 γαμήσασι
1276 1744 1312 1810 δὲ
1342 1744 1492 1828 έπιφίρει
1514 1747 1608 1812 καίθ

267 1863 384 1930 φησιν·
427 1843 476 1912 »σί
507 1845 661 1912 ἐκλεκτοί
689 1867 754 1928 μου
785 1837 827 1913 ου’
856 1845 1057 1913 πονέσουσιν
1083 1847 1128 1924 είς
1149 1837 1251 1912 κενὸν
1273 1835 1350 1910 οῦδὲ
1372 1837 1571 1928 τεκνοποιή-

266 1961 386 2010 σοοσιν
406 1945 452 2022 είς
472 1937 633 2028 κατάραν,
657 1931 711 2011 ὅτι
733 1946 863 2030 σπέρμα
884 1935 1111 2030 εῦλσγημένον
1132 1945 1224 2012 ἐστίν
1246 1933 1314 2010 ῦπὸ
1336 1947 1479 2028 πορίσαι
1519 1945 1609 2031 τῷέ

267 2037 330 2128 γάρ
351 2038 440 2110 κατὰ
462 2035 566 2127 λόγον
588 2045 909 2130 τεκνοποιησαμένφ
923 2045 979 2111 καί
995 2035 1268 2129 ἀναθρεψαμένη)
1283 2045 1339 2112 καὶ
1352 2037 1572 2112 παιδεῦσαντι

216 2153 249 2204 15
267 2141 304 2210 έν
329 2145 435 2226 κυρίῳ
461 2135 618 2226 καθάπερ
643 2145 697 2212 καί
726 2145 776 2229 τῷ
800 2137 853 2210 διὰ
877 2145 939 2228 τῆς
960 2135 1111 2229 ἀληθοῦς
1132 2135 1351 2230 κατηχήσεως
1372 2135 1572 2228 γεννήσαντι

266 2243 374 2308 κεῖταί
396 2265 447 2321 τις
468 2235 589 2326 μισθὸς
612 2235 725 2328 ὥσπερ
751 2245 807 2310 καί
829 2245 880 2328 τῷ
896 2243 1044 2330 έκλεκτῷ
1061 2243 1233 2328 σπέρματι.
1268 2236 1369 2309 ἄλλοι
1390 2242 1426 2308 δὲ
1445 2246 1450 2325 Ι
1472 2265 1570 2308 »κατ-
1589 2248 1607 2304 ὅ
1625 2247 1710 2304 556?

267 2333 370 2424 άρανι
396 2337 461 2430 τήν
482 2341 702 2410 παιδοποιίαν
725 2342 918 2426 ἐκδέχονται
938 2345 994 2408 καί
1017 2333 1059 2408 οῦ
1084 2344 1213 2410 συνιᾶσι
1239 2334 1318 2410 κατ’
1347 2332 1464 2408 αῦτιῦν
1489 2340 1570 2408 έκεί·

269 2463 341 2506 νων
362 2442 528 2526 λέγουσαν
549 2437 614 2525 τήν
636 2433 778 2527 γραφήν.
821 2439 852 2508 οί
875 2436 937 2526 γάρ
960 2443 1011 2528 τῷ
1034 2429 1109 2508 ὄντι
1132 2442 1195 2510 τοῦ
1215 2443 1335 2524 κυρίου
1356 2439 1507 2506 έκλακτοί
1529 2431 1571 2506 οῦ

267 2543 524 2626 δογματίζουσιν
547 2533 624 2610 οῦδὲ
646 2542 904 2608 τεκνοποιοῦσιν
927 2536 970 2608 τά
991 2541 1038 2620 είς
1059 2531 1212 2624 κατάραν
1234 2531 1348 2624 ὥσπερ
1370 2537 1405 2604 αί
1423 2537 1570 2622 αίρέσεις.

213 2645 249 2701 20
267 2633 425 2724 εῦνοῦχος
448 2643 566 2708 τοίνυν
588 2633 649 2725 οῦχ
671 2631 689 2708 6
712 2643 1026 2726 κατηναγκασμένος
1048 2634 1091 2706 τὰ
1111 2631 1212 2725 μόρια
1235 2630 1311 2706 οῦδὲ
1325 2633 1393 2724 μήν
1408 2628 1427 2704 6
1442 2631 1571 2723 ἄγαμος
1590 2649 1668 2712 w

267 2739 411 2825 εἴρηται,
443 2730 521 2806 ἀλλ’
549 2731 568 2806 6
595 2733 719 2824 ἄγονος
750 2731 921 2825 ἀληθείας.
967 2732 1105 2822 »ξῦλονι
1130 2725 1233 2817 οῦτος
1258 2731 1400 2822 »ξηρὸντ
1426 2725 1468 2822 ήν
1489 2730 1572 2822 πρό-

267 2861 381 2924 τερον,
418 2828 611 2916 ῦπακοῦσας
642 2839 677 2906 δὲ
708 2843 758 2926 τῷ
790 2833 882 2924 λόγῳ
913 2842 969 2906 καὶ
1001 2829 1170 2922 »φυλάξας
1205 2831 1248 2903 τὰ
1284 2829 1451 2918 σάββατω
1484 2831 1572 2903 κατὰ

266 2931 400 3024 ἀποχήν
430 2927 684 3024 άμαρτημάτων
713 2943 769 3006 καί
799 2931 942 3024 ποιήσας
973 2931 1034 3016 τὰς
1064 2931 1207 3014 έντολὰς
1236 2928 1451 3022 ἐντιμότερος
1482 2935 1574 3003 ἔσται

268 3041 341 3105 τῶν
373 3031 455 3104 ἄνευ
489 3041 664 3114 πολιτείας
698 3029 806 3124 ὀρθῆς
843 3029 935 3122 λόγῳ
965 3030 1060 3123 μόνῳ
1090 3035 1356 3122 παιδευομένων.
1410 3037 1611 3114 ιτεκνίαμν

216 3149 250 3204 25
268 3141 380 3224 φησίν,
415 3127 552 3220 »ὀλίγον
574 3135 624 3203 ἔτι
644 3127 725 3220 μεθ’
747 3129 844 3220 ῦμιῦν
866 3137 961 3220 είμι,τ
996 3126 1246 3214 δδιδάσκαλος.
1288 3127 1341 3202 διὸ
1363 3139 1418 3202 καί
1439 3137 1575 3210 Παῦλος

270 3229 440 3314 Γαλάταις
460 3235 672 3304 ἐπιστέλλων
695 3240 790 3320 φησί·
821 3239 955 3302 »τεκνία
976 3259 1050 3320 μου,
1073 3226 1132 3313 οῦς
1153 3226 1258 3302 πάλιν
1280 3227 1396 3301 ω’δίνω
1418 3228 1512 3318 ἄχρις
1534 3221 1575 3300 οῦ

268 3339 441 3424 μορφωθῇ
470 3329 615 3418 Χριστὸς
646 3335 684 3401 έν
709 3327 811 3420 ῦμίνπ
857 3328 962 3404 πάλιν
985 3359 1022 3402 τε
1045 3321 1086 3402 αῦ
1109 3336 1308 3418 Κορινθίοις
1330 3325 1473 3416 γράφων
1498 3328 1611 3400 »kima

269 3432 332 3522 γάρ
352 3437 490 3520 μιρίσυς
511 3430 747 3520 παιδαγωγοὺς
769 3433 864 3520 ἔχητε
887 3434 923 3500 έν
944 3437 1099 3520 Χριστῷτ
1125 3435 1220 3518 λέγει,
1246 3423 1338 3502 »ἀλλ’
1362 3423 1403 3500 οῦ
1424 3427 1575 3511 πολλοῦς

268 3537 427 3620 πατέρας·
463 3533 500 3600 έν
530 3527 593 3618 γάρ
616 3535 755 3620 Χριστῷ
787 3528 840 3600 διὰ
872 3536 936 3601 τοῦ
966 3525 1160 3618 εὐαγγελίου
1186 3528 1252 3618 ἐγώ
1280 3523 1364 3616 ὑμᾶς
1385 3533 1572 3618 έγέννησα.«

217 3647 251 3700 30
269 3631 322 3704 διὰ
346 3637 451 3702 τοῦτο
477 3625 556 3700 »οῦκ
578 3627 795 3700 είσελεῦσεται
823 3627 982 3718 εὐνοῦχος
1004 3634 1050 3711 είς
1072 3633 1251 3718 ἐκκλησίαν
1273 3633 1388 3710 θεοῦι,
1410 3623 1429 3700 ῦ
1452 3627 1575 3718 ἄγονος
1593 3641 1613 3698 4

269 3739 324 3802 καὶ
347 3729 499 3818 ἄκαρπος
521 3735 577 3799 καί
598 3738 754 3822 πολιτείᾳ
776 3737 832 3800 καὶ
855 3725 957 3818 λόγῳ,
981 3723 1054 3800 ἀλλ’
1081 3731 1131 3798 »σί
1152 3733 1215 3816 μέν
1236 3723 1489 3815 εῦνουχίσαντες
1504 3727 1575 3798 ἑαυ-

354 3985 372 4039 2
400 3983 494 4038 lxor.
513 3985 542 4050 7,
559 3985 593 4037 33
674 3983 747 4038 8-5
774 3981 828 4052 vgl.
853 3981 946 4038 [Κατ.
966 3983 993 4046 7,
1011 3983 1054 4036 27.
1071 3981 1181 4036 32-36.
1200 3983 1245 4044 11;
1273 3977 1413 4034 νίσΙΙοίσλιί
1437 3996 1487 4033 τιατ
1513 3979 1575 4035 dom

270 4055 504 4140 Kgypterovanffl
541 4065 597 4136 vgl.
619 4065 761 4132 Harnack,
791 4067 888 4122 θεεαίι.
914 4066 941 4120 d.
967 4065 1064 4120 altchr.
1089 4065 1141 4120 Lit.
1165 4063 1176 4118 1
1203 4064 1228 4118 S.
1249 4065 1292 4128 1⁴3
1322 4063 1422 4128 nach,
1445 4065 1576 4134 Agrsphu

269 4155 362 4210 &4⁶29
445 4149 742 4216 mutatas-5
829 4151 1089 4218 mseassma
1174 4146 1436 4210 21Ησε.ῦθ,3ί
1513 4147 1580 4204 2ss

269 4237 446 4304 Joh.13,33
523 4237 793 4304 2⁰1021.4‚19
892 4233 1245 4298 22-20130r.4,15
1336 4230 1575 4300 noneuwffl

304 4323 367 4378 m
383 4321 437 4392 νηί.
458 4319 556 4376 Μαίίίι.
578 4323 616 4386 19,
637 4323 668 4376 12

356 4539 395 4594 10
412 4537 486 4606 μόνη
505 4537 551 4590 Mu
621 4539 659 4594 12
678 4537 848 4594 πονέσοισιν
866 4553 933 4592 corr.
947 4555 995 4592 aus
1008 4533 1211 4606 πορνείσουσιν
1223 4533 1257 4588 L¹
1327 4534 1362 4590 17
1384 4539 1498 4588 συνιεῖσι
1517 4533 1537 4587 L

272 4623 338 4680 m
360 4619 452 4680 έκεῖνο
472 4623 519 4675 Ma
607 4623 646 4678 20
667 4619 945 4692 κατηναγκασμένος]
968 4616 1238 4686 κατατεθλασμένος
1260 4615 1433 4672 Valokenuer
1456 4635 1576 4674 κατακε-

269 4705 428 4776 κλασμένας
446 4705 554 4760 Μῠατοί
571 4720 668 4772 κατην.
687 4707 749 4760 ικαὶ
766 4703 972 4772 έκεετμημένος
1004 4707 1083 4760 Ξσίιετ

328 4793 437 4836 Clemens
452 4791 483 4836 11.
1330 4787 1363 4843 16
