<?xml version="1.0" encoding="UTF-8"?>
<!DOCTYPE html PUBLIC "-//W3C//DTD XHTML 1.0 Transitional//EN"
    "http://www.w3.org/TR/xhtml1/DTD/xhtml1-transitional.dtd">
<html xmlns="http://www.w3.org/1999/xhtml" xml:lang="en" lang="en">
 <head>
  <title>
</title>
<meta http-equiv="Content-Type" content="text/html;charset=utf-8" />
  <meta name='ocr-system' content='tesseract 3.04.00' />
  <meta name='ocr-capabilities' content='ocr_page ocr_carea ocr_par ocr_line ocrx_word'/>
</head>
<body>
  <div class='ocr_page' id='page_1' title='image "./diegriechischen02wissgoog/diegriechischen02wissgoog_0659.png"; bbox 0 0 3704 5530; ppageno 0'>
   <div class='ocr_carea' id='block_1_1' title="bbox 549 551 1513 624">
    <p class='ocr_par' dir='ltr' id='par_1_1' title="bbox 549 551 1513 624">
     <span class='ocr_line' id='line_1_1' title="bbox 549 551 1513 624; baseline -0.004 -12"><span class='ocrx_word' id='word_1_1' title='bbox 549 557 689 612; x_wconf 66' lang='lat' dir='ltr'><strong><em>Stromatn</em></strong></span> <span class='ocrx_word' id='word_1_2' title='bbox 706 553 752 610; x_wconf 78' lang='lat' dir='ltr'><strong><em>Vl.</em></strong></span> <span class='ocrx_word' id='word_1_3' title='bbox 775 555 838 624; x_wconf 79' lang='grc' dir='ltr'><strong><em>(λσρ.</em></strong></span> <span class='ocrx_word' id='word_1_4' title='bbox 852 551 937 606; x_wconf 82' lang='lat' dir='ltr'><strong>xvu.</strong></span> <span class='ocrx_word' id='word_1_5' title='bbox 957 554 1014 620; x_wconf 76' lang='lat'><strong><em>155,</em></strong></span> <span class='ocrx_word' id='word_1_6' title='bbox 1026 551 1136 616; x_wconf 76' lang='lat'>4-159,</span> <span class='ocrx_word' id='word_1_7' title='bbox 1149 553 1172 604; x_wconf 85' lang='grc'><strong><em>7.</em></strong></span> <span class='ocrx_word' id='word_1_8' title='bbox 1453 559 1513 620; x_wconf 83' lang='grc'><strong><em>513</em></strong></span> 
     </span>
    </p>
   </div>
   <div class='ocr_carea' id='block_1_2' title="bbox 147 710 1628 3394">
    <p class='ocr_par' dir='ltr' id='par_1_2' title="bbox 169 710 1628 1602">
     <span class='ocr_line' id='line_1_2' title="bbox 201 710 1515 809; baseline -0.005 -19"><span class='ocrx_word' id='word_1_9' title='bbox 201 717 288 805; x_wconf 87' lang='grc' dir='ltr'><strong><em>πρὸς</em></strong></span> <span class='ocrx_word' id='word_1_10' title='bbox 315 719 379 809; x_wconf 84' lang='grc' dir='ltr'><strong><em>γάρ</em></strong></span> <span class='ocrx_word' id='word_1_11' title='bbox 408 726 482 789; x_wconf 86' lang='grc' dir='ltr'><strong><em>τιῦν</em></strong></span> <span class='ocrx_word' id='word_1_12' title='bbox 508 715 653 808; x_wconf 84' lang='grc' dir='ltr'><strong><em>άγαθῶν</em></strong></span> <span class='ocrx_word' id='word_1_13' title='bbox 677 721 795 806; x_wconf 81' lang='grc' dir='ltr'><strong><em>χρῆσιν</em></strong></span> <span class='ocrx_word' id='word_1_14' title='bbox 822 711 957 804; x_wconf 86' lang='grc' dir='ltr'><strong><em>άνδριῦν</em></strong></span> <span class='ocrx_word' id='word_1_15' title='bbox 980 711 1001 804; x_wconf 87' lang='grc' dir='ltr'><strong><em>ή</em></strong></span> <span class='ocrx_word' id='word_1_16' title='bbox 1023 721 1097 786; x_wconf 83' lang='grc' dir='ltr'><strong><em>τῶν</em></strong></span> <span class='ocrx_word' id='word_1_17' title='bbox 1119 710 1355 804; x_wconf 90' lang='grc' dir='ltr'><strong><em>θεοδωρήτων</em></strong></span> <span class='ocrx_word' id='word_1_18' title='bbox 1377 711 1515 800; x_wconf 87' lang='grc' dir='ltr'><strong><em>δύναμις</em></strong></span> 
     </span>
     <span class='ocr_line' id='line_1_3' title="bbox 201 811 1551 906; baseline -0.008 -17"><span class='ocrx_word' id='word_1_19' title='bbox 201 824 364 906; x_wconf 88' lang='grc' dir='ltr'><strong><em>πέφυκεν.</em></strong></span> <span class='ocrx_word' id='word_1_20' title='bbox 417 813 504 890; x_wconf 88' lang='grc' dir='ltr'><strong><em>άλλά</em></strong></span> <span class='ocrx_word' id='word_1_21' title='bbox 539 825 594 888; x_wconf 84' lang='grc' dir='ltr'><strong><em>καί</em></strong></span> <span class='ocrx_word' id='word_1_22' title='bbox 631 820 664 888; x_wconf 89' lang='grc' dir='ltr'><strong><em>αί</em></strong></span> <span class='ocrx_word' id='word_1_23' title='bbox 701 822 774 886; x_wconf 82' lang='grc' dir='ltr'><strong><em>τῶν</em></strong></span> <span class='ocrx_word' id='word_1_24' title='bbox 809 817 980 902; x_wconf 87' lang='grc' dir='ltr'><strong><em>ἐναρέτων</em></strong></span> <span class='ocrx_word' id='word_1_25' title='bbox 1015 811 1219 900; x_wconf 88' lang='grc' dir='ltr'><strong><em>άνθριδπων</em></strong></span> <span class='ocrx_word' id='word_1_26' title='bbox 1248 819 1395 886; x_wconf 72' lang='grc' dir='ltr'><strong><em>ἐπίνοιαι</em></strong></span> <span class='ocrx_word' id='word_1_27' title='bbox 1425 811 1551 884; x_wconf 82' lang='grc' dir='ltr'><strong><em>κατά4</em></strong></span> 
     </span>
     <span class='ocr_line' id='line_1_4' title="bbox 201 919 1512 1006; baseline -0.005 -18"><span class='ocrx_word' id='word_1_28' title='bbox 201 923 385 990; x_wconf 76' lang='grc' dir='ltr'><strong><em>ἐπίπνοιαν</em></strong></span> <span class='ocrx_word' id='word_1_29' title='bbox 404 925 504 988; x_wconf 91' lang='grc' dir='ltr'><strong><em>θείαν</em></strong></span> <span class='ocrx_word' id='word_1_30' title='bbox 524 924 709 1006; x_wconf 83' lang='grc' dir='ltr'><strong><em>γίγνονται,</em></strong></span> <span class='ocrx_word' id='word_1_31' title='bbox 732 919 968 1004; x_wconf 76' lang='grc' dir='ltr'><strong><em>διατιθεμένης</em></strong></span> <span class='ocrx_word' id='word_1_32' title='bbox 989 943 1065 997; x_wconf 87' lang='grc' dir='ltr'><strong><em>πως</em></strong></span> <span class='ocrx_word' id='word_1_33' title='bbox 1088 919 1148 1002; x_wconf 81' lang='grc' dir='ltr'><strong><em>τῆς</em></strong></span> <span class='ocrx_word' id='word_1_34' title='bbox 1170 919 1278 1004; x_wconf 80' lang='grc' dir='ltr'><strong><em>φυχῆς</em></strong></span> <span class='ocrx_word' id='word_1_35' title='bbox 1299 919 1353 984; x_wconf 83' lang='grc' dir='ltr'><strong><em>καὶ</em></strong></span> <span class='ocrx_word' id='word_1_36' title='bbox 1369 919 1512 984; x_wconf 84' lang='grc' dir='ltr'><strong><em>διαδιδο·</em></strong></span> 
     </span>
     <span class='ocr_line' id='line_1_5' title="bbox 201 1009 1511 1106; baseline -0.005 -18"><span class='ocrx_word' id='word_1_37' title='bbox 201 1023 306 1105; x_wconf 89' lang='grc' dir='ltr'><strong><em>μένου</em></strong></span> <span class='ocrx_word' id='word_1_38' title='bbox 327 1023 391 1088; x_wconf 91' lang='grc' dir='ltr'><strong><em>τοῦ</em></strong></span> <span class='ocrx_word' id='word_1_39' title='bbox 413 1023 511 1088; x_wconf 93' lang='grc' dir='ltr'><strong><em>θείου</em></strong></span> <span class='ocrx_word' id='word_1_40' title='bbox 532 1013 726 1106; x_wconf 78' lang='grc' dir='ltr'><strong><em>θελήματος</em></strong></span> <span class='ocrx_word' id='word_1_41' title='bbox 749 1019 795 1096; x_wconf 91' lang='grc' dir='ltr'><strong><em>είς</em></strong></span> <span class='ocrx_word' id='word_1_42' title='bbox 816 1013 879 1096; x_wconf 84' lang='grc' dir='ltr'><strong><em>τάς</em></strong></span> <span class='ocrx_word' id='word_1_43' title='bbox 900 1009 1123 1102; x_wconf 71' lang='grc' dir='ltr'><strong><em>ἀνθρωπίνας</em></strong></span> <span class='ocrx_word' id='word_1_44' title='bbox 1142 1009 1258 1102; x_wconf 81' lang='grc' dir='ltr'><strong><em>ψυχάς,</em></strong></span> <span class='ocrx_word' id='word_1_45' title='bbox 1282 1019 1355 1082; x_wconf 86' lang='grc' dir='ltr'><strong><em>τιῦν</em></strong></span> <span class='ocrx_word' id='word_1_46' title='bbox 1371 1015 1407 1082; x_wconf 87' lang='grc' dir='ltr'><strong><em>ἐν</em></strong></span> <span class='ocrx_word' id='word_1_47' title='bbox 1420 1017 1511 1102; x_wconf 89' lang='grc' dir='ltr'><strong><em>μέρει</em></strong></span> 
     </span>
     <span class='ocr_line' id='line_1_6' title="bbox 169 1111 1511 1204; baseline -0.001 -20"><span class='ocrx_word' id='word_1_48' title='bbox 169 1124 312 1187; x_wconf 73' lang='grc' dir='ltr'><strong><em>εθείων</em></strong></span> <span class='ocrx_word' id='word_1_49' title='bbox 349 1123 561 1204; x_wconf 78' lang='grc' dir='ltr'><strong><em>λειτουργῶν</em></strong></span> <span class='ocrx_word' id='word_1_50' title='bbox 596 1119 926 1202; x_wconf 75' lang='grc' dir='ltr'><strong><em>συλλαμβανομένων</em></strong></span> <span class='ocrx_word' id='word_1_51' title='bbox 957 1116 1002 1196; x_wconf 90' lang='grc' dir='ltr'><strong><em>είς</em></strong></span> <span class='ocrx_word' id='word_1_52' title='bbox 1033 1111 1094 1196; x_wconf 85' lang='grc' dir='ltr'><strong><em>τάς</em></strong></span> <span class='ocrx_word' id='word_1_53' title='bbox 1130 1111 1290 1194; x_wconf 80' lang='grc' dir='ltr'><strong><em>τοιαύτας</em></strong></span> <span class='ocrx_word' id='word_1_54' title='bbox 1326 1117 1511 1195; x_wconf 89' lang='grc' dir='ltr'><strong><em>διακονίας·</em></strong></span> 
     </span>
     <span class='ocr_line' id='line_1_7' title="bbox 201 1209 1547 1304; baseline -0.006 -18"><span class='ocrx_word' id='word_1_55' title='bbox 201 1213 289 1288; x_wconf 84' lang='grc' dir='ltr'><strong><em>κατά</em></strong></span> <span class='ocrx_word' id='word_1_56' title='bbox 318 1243 354 1286; x_wconf 90' lang='grc' dir='ltr'><strong><em>τε</em></strong></span> <span class='ocrx_word' id='word_1_57' title='bbox 382 1213 446 1304; x_wconf 83' lang='grc' dir='ltr'><strong><em>γάρ</em></strong></span> <span class='ocrx_word' id='word_1_58' title='bbox 473 1213 515 1286; x_wconf 83' lang='grc' dir='ltr'><strong><em>τά</em></strong></span> <span class='ocrx_word' id='word_1_59' title='bbox 543 1217 627 1304; x_wconf 83' lang='grc' dir='ltr'><strong><em>ἔθνη</em></strong></span> <span class='ocrx_word' id='word_1_60' title='bbox 654 1220 709 1285; x_wconf 81' lang='grc' dir='ltr'><strong><em>καὶ</em></strong></span> <span class='ocrx_word' id='word_1_61' title='bbox 735 1209 853 1296; x_wconf 89' lang='grc' dir='ltr'><strong><em>πόλεις</em></strong></span> <span class='ocrx_word' id='word_1_62' title='bbox 880 1217 1080 1300; x_wconf 82' lang='grc' dir='ltr'><strong><em>νενέμηνται</em></strong></span> <span class='ocrx_word' id='word_1_63' title='bbox 1103 1219 1176 1284; x_wconf 82' lang='grc' dir='ltr'><strong><em>τῶν</em></strong></span> <span class='ocrx_word' id='word_1_64' title='bbox 1198 1209 1352 1300; x_wconf 87' lang='grc' dir='ltr'><strong><em>άγγέλων</em></strong></span> <span class='ocrx_word' id='word_1_65' title='bbox 1373 1213 1406 1284; x_wconf 87' lang='grc' dir='ltr'><strong><em>αί</em></strong></span> <span class='ocrx_word' id='word_1_66' title='bbox 1428 1223 1547 1300; x_wconf 76' lang='grc' dir='ltr'><strong><em>προ-5</em></strong></span> 
     </span>
     <span class='ocr_line' id='line_1_8' title="bbox 201 1303 1510 1402; baseline 0 -16"><span class='ocrx_word' id='word_1_67' title='bbox 201 1323 344 1398; x_wconf 89' lang='grc' dir='ltr'><strong><em>οταοίαι,</em></strong></span> <span class='ocrx_word' id='word_1_68' title='bbox 368 1311 454 1402; x_wconf 85' lang='grc' dir='ltr'><strong><em>τάχα</em></strong></span> <span class='ocrx_word' id='word_1_69' title='bbox 469 1320 504 1385; x_wconf 81' lang='grc' dir='ltr'><strong><em>δέ</em></strong></span> <span class='ocrx_word' id='word_1_70' title='bbox 525 1321 581 1386; x_wconf 84' lang='grc' dir='ltr'><strong><em>καὶ</em></strong></span> <span class='ocrx_word' id='word_1_71' title='bbox 603 1321 676 1385; x_wconf 78' lang='grc' dir='ltr'><strong><em>τῶν</em></strong></span> <span class='ocrx_word' id='word_1_72' title='bbox 698 1317 752 1384; x_wconf 84' lang='grc' dir='ltr'><strong><em>ἐπὶ</em></strong></span> <span class='ocrx_word' id='word_1_73' title='bbox 774 1319 896 1402; x_wconf 87' lang='grc' dir='ltr'><strong><em>μέρους</em></strong></span> <span class='ocrx_word' id='word_1_74' title='bbox 918 1303 991 1398; x_wconf 73' lang='grc' dir='ltr'><strong><em>[ὧν]</em></strong></span> <span class='ocrx_word' id='word_1_75' title='bbox 1014 1315 1117 1394; x_wconf 88' lang='grc' dir='ltr'><strong><em>ἐνίοις</em></strong></span> <span class='ocrx_word' id='word_1_76' title='bbox 1138 1307 1392 1401; x_wconf 85' lang='grc' dir='ltr'><strong><em>άποτετάχαταί</em></strong></span> <span class='ocrx_word' id='word_1_77' title='bbox 1414 1341 1510 1396; x_wconf 90' lang='grc' dir='ltr'><strong><em>τινες.</em></strong></span> 
     </span>
     <span class='ocr_line' id='line_1_9' title="bbox 203 1407 1628 1504; baseline -0.003 -18"><span class='ocrx_word' id='word_1_78' title='bbox 203 1410 222 1486; x_wconf 90' lang='grc' dir='ltr'>ὁ</span> <span class='ocrx_word' id='word_1_79' title='bbox 244 1420 329 1504; x_wconf 88' lang='grc' dir='ltr'><strong><em>γοῦν</em></strong></span> <span class='ocrx_word' id='word_1_80' title='bbox 351 1412 480 1502; x_wconf 83' lang='grc' dir='ltr'><strong><em>ποιμήν</em></strong></span> <span class='ocrx_word' id='word_1_81' title='bbox 501 1419 556 1484; x_wconf 81' lang='grc' dir='ltr'><strong><em>καὶ</em></strong></span> <span class='ocrx_word' id='word_1_82' title='bbox 580 1421 653 1484; x_wconf 83' lang='grc' dir='ltr'><strong><em>τῶν</em></strong></span> <span class='ocrx_word' id='word_1_83' title='bbox 667 1408 751 1484; x_wconf 74' lang='grc' dir='ltr'><strong><em>καθ’</em></strong></span> <span class='ocrx_word' id='word_1_84' title='bbox 768 1413 912 1484; x_wconf 83' lang='grc' dir='ltr'><strong><em>ἐκαστον</em></strong></span> <span class='ocrx_word' id='word_1_85' title='bbox 926 1409 1063 1502; x_wconf 75' lang='grc' dir='ltr'><strong><em>κήδεται</em></strong></span> <span class='ocrx_word' id='word_1_86' title='bbox 1078 1407 1274 1500; x_wconf 74' lang='grc' dir='ltr'><strong><em>προβάτων,</em></strong></span> <span class='ocrx_word' id='word_1_87' title='bbox 1297 1419 1352 1482; x_wconf 80' lang='grc' dir='ltr'><strong><em>καὶ</em></strong></span> <span class='ocrx_word' id='word_1_88' title='bbox 1366 1409 1511 1500; x_wconf 89' lang='grc' dir='ltr'><strong><em>μάλιστα</em></strong></span> <span class='ocrx_word' id='word_1_89' title='bbox 1532 1423 1628 1490; x_wconf 78' lang='grc'><strong>158,1</strong></span> 
     </span>
     <span class='ocr_line' id='line_1_10' title="bbox 204 1505 1512 1602; baseline -0.002 -18"><span class='ocrx_word' id='word_1_90' title='bbox 204 1513 340 1596; x_wconf 82' lang='grc' dir='ltr'><strong><em>τούτοις</em></strong></span> <span class='ocrx_word' id='word_1_91' title='bbox 368 1511 502 1585; x_wconf 90' lang='grc' dir='ltr'><strong><em>σύνεστι</em></strong></span> <span class='ocrx_word' id='word_1_92' title='bbox 528 1517 774 1602; x_wconf 82' lang='grc' dir='ltr'><strong><em>προσεχεστέρα</em></strong></span> <span class='ocrx_word' id='word_1_93' title='bbox 796 1507 817 1602; x_wconf 83' lang='grc' dir='ltr'><em>ἦ</em></span> <span class='ocrx_word' id='word_1_94' title='bbox 839 1509 1020 1602; x_wconf 83' lang='grc' dir='ltr'><strong><em>ἐπισκοπή,</em></strong></span> <span class='ocrx_word' id='word_1_95' title='bbox 1052 1505 1126 1584; x_wconf 80' lang='grc' dir='ltr'><strong><em>ὅσοι</em></strong></span> <span class='ocrx_word' id='word_1_96' title='bbox 1154 1519 1347 1599; x_wconf 88' lang='grc' dir='ltr'><strong><em>διαπρεπεῖς</em></strong></span> <span class='ocrx_word' id='word_1_97' title='bbox 1368 1511 1429 1596; x_wconf 86' lang='grc' dir='ltr'><strong><em>τάς</em></strong></span> <span class='ocrx_word' id='word_1_98' title='bbox 1451 1509 1512 1600; x_wconf 92' lang='grc' dir='ltr'><strong><em>φύ-</em></strong></span> 
     </span>
    </p>

    <p class='ocr_par' dir='ltr' id='par_1_3' title="bbox 152 1603 1549 2100">
     <span class='ocr_line' id='line_1_11' title="bbox 152 1603 1549 1704; baseline 0.004 -27"><span class='ocrx_word' id='word_1_99' title='bbox 152 1625 185 1677; x_wconf 81' lang='lat'><strong><em>10</em></strong></span> <span class='ocrx_word' id='word_1_100' title='bbox 203 1635 271 1694; x_wconf 87' lang='grc' dir='ltr'><strong><em>σεις</em></strong></span> <span class='ocrx_word' id='word_1_101' title='bbox 302 1641 338 1682; x_wconf 86' lang='grc' dir='ltr'><strong><em>τε</em></strong></span> <span class='ocrx_word' id='word_1_102' title='bbox 369 1618 424 1682; x_wconf 85' lang='grc' dir='ltr'><strong><em>καί</em></strong></span> <span class='ocrx_word' id='word_1_103' title='bbox 455 1617 594 1684; x_wconf 85' lang='grc' dir='ltr'><strong><em>δυνατοί</em></strong></span> <span class='ocrx_word' id='word_1_104' title='bbox 626 1611 669 1684; x_wconf 87' lang='grc' dir='ltr'><strong><em>τά</em></strong></span> <span class='ocrx_word' id='word_1_105' title='bbox 699 1609 818 1704; x_wconf 81' lang='grc' dir='ltr'><strong><em>πλήθη</em></strong></span> <span class='ocrx_word' id='word_1_106' title='bbox 850 1621 1060 1698; x_wconf 87' lang='grc' dir='ltr'><strong><em>συνωφελεῖν</em></strong></span> <span class='ocrx_word' id='word_1_107' title='bbox 1091 1607 1305 1702; x_wconf 83' lang='grc' dir='ltr'><strong><em>ύπάρχοισιν.</em></strong></span> <span class='ocrx_word' id='word_1_108' title='bbox 1352 1603 1448 1682; x_wconf 86' lang='grc' dir='ltr'><strong><em>οῦτοι</em></strong></span> <span class='ocrx_word' id='word_1_109' title='bbox 1478 1607 1549 1683; x_wconf 75' lang='lat'><strong><em>‹5’2</em></strong></span> 
     </span>
     <span class='ocr_line' id='line_1_12' title="bbox 204 1701 1513 1800; baseline 0 -18"><span class='ocrx_word' id='word_1_110' title='bbox 204 1717 286 1782; x_wconf 82' lang='grc' dir='ltr'><strong><em>εἰσίν</em></strong></span> <span class='ocrx_word' id='word_1_111' title='bbox 307 1715 340 1781; x_wconf 88' lang='grc' dir='ltr'><strong><em>σί</em></strong></span> <span class='ocrx_word' id='word_1_112' title='bbox 364 1707 557 1800; x_wconf 79' lang='grc' dir='ltr'><strong><em>ἡγεμονικοὶ</em></strong></span> <span class='ocrx_word' id='word_1_113' title='bbox 578 1719 633 1782; x_wconf 86' lang='grc' dir='ltr'><strong><em>καλ</em></strong></span> <span class='ocrx_word' id='word_1_114' title='bbox 655 1717 876 1794; x_wconf 83' lang='grc' dir='ltr'><strong><em>παιδευτικοί,</em></strong></span> <span class='ocrx_word' id='word_1_115' title='bbox 909 1707 954 1782; x_wconf 82' lang='grc' dir='ltr'><strong><em>δι’</em></strong></span> <span class='ocrx_word' id='word_1_116' title='bbox 977 1701 1029 1782; x_wconf 76' lang='grc' dir='ltr'><strong><em>ὧν</em></strong></span> <span class='ocrx_word' id='word_1_117' title='bbox 1051 1707 1072 1800; x_wconf 87' lang='grc' dir='ltr'><strong><em>ή</em></strong></span> <span class='ocrx_word' id='word_1_118' title='bbox 1094 1715 1243 1800; x_wconf 87' lang='grc' dir='ltr'><strong><em>ἐνέργεια</em></strong></span> <span class='ocrx_word' id='word_1_119' title='bbox 1266 1715 1327 1800; x_wconf 83' lang='grc' dir='ltr'><strong><em>τῆς</em></strong></span> <span class='ocrx_word' id='word_1_120' title='bbox 1347 1719 1513 1798; x_wconf 88' lang='grc' dir='ltr'><strong><em>προνοίας</em></strong></span> 
     </span>
     <span class='ocr_line' id='line_1_13' title="bbox 203 1805 1512 1900; baseline 0.002 -20"><span class='ocrx_word' id='word_1_121' title='bbox 203 1807 369 1899; x_wconf 83' lang='grc' dir='ltr'><strong><em>άριδήλως</em></strong></span> <span class='ocrx_word' id='word_1_122' title='bbox 400 1815 583 1896; x_wconf 78' lang='grc' dir='ltr'><strong><em>δείκνυται,</em></strong></span> <span class='ocrx_word' id='word_1_123' title='bbox 614 1805 761 1899; x_wconf 81' lang='grc' dir='ltr'><strong><em>ὁπηνίκα</em></strong></span> <span class='ocrx_word' id='word_1_124' title='bbox 792 1807 835 1882; x_wconf 62' lang='lat' dir='ltr'><strong><em>bv</em></strong></span> <span class='ocrx_word' id='word_1_125' title='bbox 860 1805 882 1898; x_wconf 79' lang='grc' dir='ltr'><strong><em>ἢ</em></strong></span> <span class='ocrx_word' id='word_1_126' title='bbox 909 1809 963 1881; x_wconf 88' lang='grc' dir='ltr'><strong><em>διά</em></strong></span> <span class='ocrx_word' id='word_1_127' title='bbox 993 1815 1146 1894; x_wconf 89' lang='grc' dir='ltr'><strong><em>παιδείας</em></strong></span> <span class='ocrx_word' id='word_1_128' title='bbox 1173 1805 1195 1898; x_wconf 81' lang='grc' dir='ltr'><em>ἢ</em></span> <span class='ocrx_word' id='word_1_129' title='bbox 1222 1805 1268 1880; x_wconf 77' lang='grc' dir='ltr'><strong><em>δι’</em></strong></span> <span class='ocrx_word' id='word_1_130' title='bbox 1290 1807 1396 1900; x_wconf 83' lang='grc' dir='ltr'><strong><em>άρχής</em></strong></span> <span class='ocrx_word' id='word_1_131' title='bbox 1417 1839 1512 1894; x_wconf 88' lang='grc' dir='ltr'><strong><em>τινος</em></strong></span> 
     </span>
     <span class='ocr_line' id='line_1_14' title="bbox 201 1903 1512 1999; baseline 0.002 -20"><span class='ocrx_word' id='word_1_132' title='bbox 201 1917 258 1980; x_wconf 85' lang='grc' dir='ltr'><strong><em>καί</em></strong></span> <span class='ocrx_word' id='word_1_133' title='bbox 280 1907 478 1999; x_wconf 79' lang='grc' dir='ltr'><strong><em>διοικήσεως</em></strong></span> <span class='ocrx_word' id='word_1_134' title='bbox 505 1903 541 1980; x_wconf 88' lang='grc' dir='ltr'><strong><em>εῦ</em></strong></span> <span class='ocrx_word' id='word_1_135' title='bbox 566 1929 678 1982; x_wconf 88' lang='grc' dir='ltr'><strong><em>ποιεῖν</em></strong></span> <span class='ocrx_word' id='word_1_136' title='bbox 703 1915 805 1996; x_wconf 83' lang='grc' dir='ltr'><strong><em>έθέλη</em></strong></span> <span class='ocrx_word' id='word_1_137' title='bbox 831 1909 913 1990; x_wconf 88' lang='grc' dir='ltr'><strong><em>τοῦς</em></strong></span> <span class='ocrx_word' id='word_1_138' title='bbox 940 1903 1149 1998; x_wconf 76' lang='grc' dir='ltr'><strong><em>ἀνθρώπους</em></strong></span> <span class='ocrx_word' id='word_1_139' title='bbox 1171 1905 1190 1981; x_wconf 88' lang='grc' dir='ltr'><strong><em>δ</em></strong></span> <span class='ocrx_word' id='word_1_140' title='bbox 1213 1905 1302 1994; x_wconf 87' lang='grc' dir='ltr'><strong><em>θεάς.</em></strong></span> <span class='ocrx_word' id='word_1_141' title='bbox 1345 1912 1455 1983; x_wconf 77' lang='grc' dir='ltr'><strong><em>ἐθέλει</em></strong></span> <span class='ocrx_word' id='word_1_142' title='bbox 1476 1915 1512 1982; x_wconf 75' lang='grc' dir='ltr'><strong><em>δὲ</em></strong></span> 
     </span>
     <span class='ocr_line' id='line_1_15' title="bbox 201 2003 1548 2100; baseline -0.002 -21"><span class='ocrx_word' id='word_1_143' title='bbox 201 2003 370 2080; x_wconf 88' lang='grc' dir='ltr'><strong><em>πάντοτε·</em></strong></span> <span class='ocrx_word' id='word_1_144' title='bbox 392 2007 445 2082; x_wconf 85' lang='grc' dir='ltr'><strong><em>διὸ</em></strong></span> <span class='ocrx_word' id='word_1_145' title='bbox 467 2029 615 2098; x_wconf 87' lang='grc' dir='ltr'><strong><em>συγκινεῖ</em></strong></span> <span class='ocrx_word' id='word_1_146' title='bbox 636 2009 716 2092; x_wconf 85' lang='grc' dir='ltr'><strong><em>τοῦς</em></strong></span> <span class='ocrx_word' id='word_1_147' title='bbox 737 2013 947 2098; x_wconf 85' lang='grc' dir='ltr'><strong><em>ἐπιτηδείους</em></strong></span> <span class='ocrx_word' id='word_1_148' title='bbox 970 2013 1017 2090; x_wconf 89' lang='grc' dir='ltr'><strong><em>είς</em></strong></span> <span class='ocrx_word' id='word_1_149' title='bbox 1038 2007 1103 2098; x_wconf 85' lang='grc' dir='ltr'><strong><em>τήν</em></strong></span> <span class='ocrx_word' id='word_1_150' title='bbox 1126 2005 1305 2100; x_wconf 84' lang='grc' dir='ltr'><strong><em>ω’φέλιμον</em></strong></span> <span class='ocrx_word' id='word_1_151' title='bbox 1319 2015 1512 2099; x_wconf 79' lang='grc' dir='ltr'><strong><em>ἐξεργασίαν</em></strong></span> <span class='ocrx_word' id='word_1_152' title='bbox 1530 2021 1548 2076; x_wconf 80' lang='lat'><em>8</em></span> 
     </span>
    </p>

    <p class='ocr_par' dir='ltr' id='par_1_4' title="bbox 153 2103 1626 2598">
     <span class='ocr_line' id='line_1_16' title="bbox 153 2103 1549 2199; baseline -0.001 -20"><span class='ocrx_word' id='word_1_153' title='bbox 153 2121 184 2172; x_wconf 83' lang='grc'><strong><em>15</em></strong></span> <span class='ocrx_word' id='word_1_154' title='bbox 202 2115 276 2180; x_wconf 79' lang='grc' dir='ltr'><strong><em>τῶν</em></strong></span> <span class='ocrx_word' id='word_1_155' title='bbox 298 2107 384 2196; x_wconf 85' lang='grc' dir='ltr'><strong><em>πρὸς</em></strong></span> <span class='ocrx_word' id='word_1_156' title='bbox 406 2105 533 2199; x_wconf 87' lang='grc' dir='ltr'><strong><em>άρετήν</em></strong></span> <span class='ocrx_word' id='word_1_157' title='bbox 556 2139 592 2180; x_wconf 89' lang='grc' dir='ltr'><strong><em>τε</em></strong></span> <span class='ocrx_word' id='word_1_158' title='bbox 615 2117 671 2179; x_wconf 86' lang='grc' dir='ltr'><strong><em>καλ</em></strong></span> <span class='ocrx_word' id='word_1_159' title='bbox 692 2105 830 2198; x_wconf 89' lang='grc' dir='ltr'><strong><em>είρήυην</em></strong></span> <span class='ocrx_word' id='word_1_160' title='bbox 850 2114 905 2178; x_wconf 81' lang='grc' dir='ltr'><strong><em>καί</em></strong></span> <span class='ocrx_word' id='word_1_161' title='bbox 928 2113 975 2190; x_wconf 85' lang='grc' dir='ltr'><strong><em>είς</em></strong></span> <span class='ocrx_word' id='word_1_162' title='bbox 997 2103 1151 2180; x_wconf 87' lang='grc' dir='ltr'><strong><em>εύποιίαν</em></strong></span> <span class='ocrx_word' id='word_1_163' title='bbox 1174 2107 1433 2183; x_wconf 85' lang='grc' dir='ltr'><strong><em>συντεινόντων.</em></strong></span> <span class='ocrx_word' id='word_1_164' title='bbox 1469 2107 1549 2182; x_wconf 72' lang='grc' dir='ltr'><strong><em>τὸί</em></strong></span> 
     </span>
     <span class='ocr_line' id='line_1_17' title="bbox 202 2203 1511 2298; baseline 0.001 -19"><span class='ocrx_word' id='word_1_165' title='bbox 202 2213 238 2279; x_wconf 80' lang='grc' dir='ltr'><strong><em>δέ</em></strong></span> <span class='ocrx_word' id='word_1_166' title='bbox 270 2205 434 2296; x_wconf 82' lang='grc' dir='ltr'><strong><em>ἐνάρετον</em></strong></span> <span class='ocrx_word' id='word_1_167' title='bbox 464 2215 535 2280; x_wconf 83' lang='grc' dir='ltr'><strong><em>πᾶν</em></strong></span> <span class='ocrx_word' id='word_1_168' title='bbox 565 2205 626 2279; x_wconf 77' lang='grc' dir='ltr'><strong><em>ἀπ’</em></strong></span> <span class='ocrx_word' id='word_1_169' title='bbox 654 2203 776 2296; x_wconf 84' lang='grc' dir='ltr'><strong><em>άρετής</em></strong></span> <span class='ocrx_word' id='word_1_170' title='bbox 801 2213 841 2276; x_wconf 85' lang='grc' dir='ltr'><strong><em>τέ</em></strong></span> <span class='ocrx_word' id='word_1_171' title='bbox 867 2211 938 2278; x_wconf 88' lang='grc' dir='ltr'><strong><em>ἐστι</em></strong></span> <span class='ocrx_word' id='word_1_172' title='bbox 964 2205 1127 2296; x_wconf 82' lang='grc' dir='ltr'><strong><em>καὶπρὸς</em></strong></span> <span class='ocrx_word' id='word_1_173' title='bbox 1149 2203 1274 2298; x_wconf 82' lang='grc' dir='ltr'><strong><em>άρετήν</em></strong></span> <span class='ocrx_word' id='word_1_174' title='bbox 1297 2207 1511 2296; x_wconf 77' lang='grc' dir='ltr'><strong><em>ἀναφέρεται,</em></strong></span> 
     </span>
     <span class='ocr_line' id='line_1_18' title="bbox 201 2301 1512 2396; baseline 0.002 -18"><span class='ocrx_word' id='word_1_175' title='bbox 201 2313 257 2378; x_wconf 83' lang='grc' dir='ltr'><strong><em>καί</em></strong></span> <span class='ocrx_word' id='word_1_176' title='bbox 288 2301 366 2396; x_wconf 88' lang='grc' dir='ltr'><strong><em>ήτοι</em></strong></span> <span class='ocrx_word' id='word_1_177' title='bbox 396 2305 483 2396; x_wconf 86' lang='grc' dir='ltr'><strong><em>πρὸς</em></strong></span> <span class='ocrx_word' id='word_1_178' title='bbox 512 2305 553 2378; x_wconf 87' lang='grc' dir='ltr'><strong><em>τὸ</em></strong></span> <span class='ocrx_word' id='word_1_179' title='bbox 584 2313 741 2396; x_wconf 88' lang='grc' dir='ltr'><strong><em>γενέσθαι</em></strong></span> <span class='ocrx_word' id='word_1_180' title='bbox 771 2309 975 2388; x_wconf 89' lang='grc' dir='ltr'><strong><em>σπουδαίους</em></strong></span> <span class='ocrx_word' id='word_1_181' title='bbox 1004 2311 1135 2378; x_wconf 87' lang='grc' dir='ltr'><strong><em>δίδοται</em></strong></span> <span class='ocrx_word' id='word_1_182' title='bbox 1166 2303 1188 2396; x_wconf 80' lang='grc' dir='ltr'><em>ἢ</em></span> <span class='ocrx_word' id='word_1_183' title='bbox 1217 2307 1304 2396; x_wconf 86' lang='grc' dir='ltr'><strong><em>πρὸς</em></strong></span> <span class='ocrx_word' id='word_1_184' title='bbox 1335 2308 1376 2380; x_wconf 87' lang='grc' dir='ltr'><strong><em>τὸ</em></strong></span> <span class='ocrx_word' id='word_1_185' title='bbox 1407 2303 1512 2392; x_wconf 86' lang='grc' dir='ltr'><strong><em>ὄντας</em></strong></span> 
     </span>
     <span class='ocr_line' id='line_1_19' title="bbox 201 2401 1510 2496; baseline 0.005 -22"><span class='ocrx_word' id='word_1_186' title='bbox 201 2411 347 2494; x_wconf 83' lang='grc' dir='ltr'><strong><em>χρῆσθαι</em></strong></span> <span class='ocrx_word' id='word_1_187' title='bbox 370 2423 443 2488; x_wconf 89' lang='grc' dir='ltr'><strong><em>τοῖς</em></strong></span> <span class='ocrx_word' id='word_1_188' title='bbox 464 2403 552 2476; x_wconf 86' lang='grc' dir='ltr'><strong><em>κατά</em></strong></span> <span class='ocrx_word' id='word_1_189' title='bbox 574 2403 677 2492; x_wconf 87' lang='grc' dir='ltr'><strong><em>φύσιν</em></strong></span> <span class='ocrx_word' id='word_1_190' title='bbox 696 2401 938 2494; x_wconf 86' lang='grc' dir='ltr'><strong><em>προτερήμασι·</em></strong></span> <span class='ocrx_word' id='word_1_191' title='bbox 961 2425 1113 2494; x_wconf 88' lang='grc' dir='ltr'><strong><em>συνεργεῖ</em></strong></span> <span class='ocrx_word' id='word_1_192' title='bbox 1133 2405 1196 2496; x_wconf 83' lang='grc' dir='ltr'><strong><em>γάρ</em></strong></span> <span class='ocrx_word' id='word_1_193' title='bbox 1218 2409 1255 2478; x_wconf 80' lang='grc' dir='ltr'><strong><em>ἐν</em></strong></span> <span class='ocrx_word' id='word_1_194' title='bbox 1277 2437 1314 2478; x_wconf 91' lang='grc' dir='ltr'><strong><em>τε</em></strong></span> <span class='ocrx_word' id='word_1_195' title='bbox 1336 2427 1409 2492; x_wconf 87' lang='grc' dir='ltr'><strong><em>τοῖς</em></strong></span> <span class='ocrx_word' id='word_1_196' title='bbox 1426 2405 1510 2481; x_wconf 86' lang='grc' dir='ltr'><strong><em>καθ’</em></strong></span> 
     </span>
     <span class='ocr_line' id='line_1_20' title="bbox 203 2495 1626 2598; baseline 0.006 -23"><span class='ocrx_word' id='word_1_197' title='bbox 203 2497 287 2576; x_wconf 85' lang='grc' dir='ltr'><strong><em>ῦλου</em></strong></span> <span class='ocrx_word' id='word_1_198' title='bbox 314 2509 350 2576; x_wconf 84' lang='grc' dir='ltr'><strong><em>ἐν</em></strong></span> <span class='ocrx_word' id='word_1_199' title='bbox 377 2532 415 2576; x_wconf 88' lang='grc' dir='ltr'><strong><em>τε</em></strong></span> <span class='ocrx_word' id='word_1_200' title='bbox 441 2523 514 2588; x_wconf 87' lang='grc' dir='ltr'><strong><em>τοῖς</em></strong></span> <span class='ocrx_word' id='word_1_201' title='bbox 537 2510 592 2576; x_wconf 83' lang='grc' dir='ltr'><strong><em>ἐπὶ</em></strong></span> <span class='ocrx_word' id='word_1_202' title='bbox 613 2511 741 2594; x_wconf 84' lang='grc' dir='ltr'><strong><em>μέρους.</em></strong></span> <span class='ocrx_word' id='word_1_203' title='bbox 784 2509 859 2586; x_wconf 83' lang='grc' dir='ltr'><strong><em>πῶς</em></strong></span> <span class='ocrx_word' id='word_1_204' title='bbox 880 2495 943 2576; x_wconf 89' lang='grc' dir='ltr'><strong><em>σῦν</em></strong></span> <span class='ocrx_word' id='word_1_205' title='bbox 963 2501 1026 2574; x_wconf 86' lang='grc' dir='ltr'><strong><em>σῦκ</em></strong></span> <span class='ocrx_word' id='word_1_206' title='bbox 1047 2503 1183 2577; x_wconf 86' lang='grc' dir='ltr'><strong><em>άτοπον</em></strong></span> <span class='ocrx_word' id='word_1_207' title='bbox 1206 2506 1271 2598; x_wconf 85' lang='grc' dir='ltr'><strong><em>τήν</em></strong></span> <span class='ocrx_word' id='word_1_208' title='bbox 1292 2504 1435 2594; x_wconf 78' lang='grc' dir='ltr'><strong><em>ἀταξίαν</em></strong></span> <span class='ocrx_word' id='word_1_209' title='bbox 1455 2516 1510 2581; x_wconf 82' lang='grc' dir='ltr'><strong><em>καί</em></strong></span> <span class='ocrx_word' id='word_1_210' title='bbox 1530 2515 1626 2584; x_wconf 72' lang='lat'>15⁹,1</span> 
     </span>
    </p>

    <p class='ocr_par' dir='ltr' id='par_1_5' title="bbox 151 2598 1610 3092">
     <span class='ocr_line' id='line_1_21' title="bbox 151 2598 1510 2697; baseline 0.004 -22"><span class='ocrx_word' id='word_1_211' title='bbox 151 2613 186 2667; x_wconf 83' lang='lat'><strong><em>20</em></strong></span> <span class='ocrx_word' id='word_1_212' title='bbox 203 2602 267 2692; x_wconf 86' lang='grc' dir='ltr'><strong><em>τήν</em></strong></span> <span class='ocrx_word' id='word_1_213' title='bbox 289 2598 421 2674; x_wconf 87' lang='grc' dir='ltr'><strong><em>άδικίαν</em></strong></span> <span class='ocrx_word' id='word_1_214' title='bbox 443 2611 699 2694; x_wconf 85' lang='grc' dir='ltr'><strong><em>προσνέμοντας</em></strong></span> <span class='ocrx_word' id='word_1_215' title='bbox 721 2609 774 2694; x_wconf 80' lang='grc' dir='ltr'><strong><em>τῷ</em></strong></span> <span class='ocrx_word' id='word_1_216' title='bbox 796 2599 944 2692; x_wconf 81' lang='grc' dir='ltr'><strong><em>διαβόλῳ</em></strong></span> <span class='ocrx_word' id='word_1_217' title='bbox 971 2608 1131 2692; x_wconf 86' lang='grc' dir='ltr'><strong><em>ἐναρέτου</em></strong></span> <span class='ocrx_word' id='word_1_218' title='bbox 1152 2603 1350 2697; x_wconf 89' lang='grc' dir='ltr'><strong><em>πράγματος</em></strong></span> <span class='ocrx_word' id='word_1_219' title='bbox 1372 2615 1510 2692; x_wconf 86' lang='grc' dir='ltr'><strong><em>τοῦτον,</em></strong></span> 
     </span>
     <span class='ocr_line' id='line_1_22' title="bbox 202 2699 1546 2796; baseline -0.002 -21"><span class='ocrx_word' id='word_1_220' title='bbox 202 2709 263 2794; x_wconf 91' lang='grc' dir='ltr'><strong><em>τής</em></strong></span> <span class='ocrx_word' id='word_1_221' title='bbox 294 2711 511 2791; x_wconf 82' lang='grc' dir='ltr'><strong><em>φιλοσοφίας,</em></strong></span> <span class='ocrx_word' id='word_1_222' title='bbox 543 2709 673 2794; x_wconf 83' lang='grc' dir='ltr'><strong><em>δοτῆρα</em></strong></span> <span class='ocrx_word' id='word_1_223' title='bbox 702 2720 828 2786; x_wconf 85' lang='grc' dir='ltr'><strong><em>ποιεῖν,·</em></strong></span> <span class='ocrx_word' id='word_1_224' title='bbox 862 2699 1047 2774; x_wconf 79' lang='grc' dir='ltr'><strong><em>κινδυνεύει</em></strong></span> <span class='ocrx_word' id='word_1_225' title='bbox 1078 2704 1141 2792; x_wconf 83' lang='grc' dir='ltr'><strong><em>γάρ</em></strong></span> <span class='ocrx_word' id='word_1_226' title='bbox 1172 2702 1407 2796; x_wconf 83' lang='grc' dir='ltr'><strong><em>εύμενέστερος</em></strong></span> <span class='ocrx_word' id='word_1_227' title='bbox 1439 2717 1546 2792; x_wconf 73' lang='grc' dir='ltr'><strong><em>τοῖςθ</em></strong></span> 
     </span>
     <span class='ocr_line' id='line_1_23' title="bbox 194 2797 1610 2898; baseline 0 -24"><span class='ocrx_word' id='word_1_228' title='bbox 194 2797 354 2892; x_wconf 77' lang='grc' dir='ltr'><strong><em>Ἕλλησιν</em></strong></span> <span class='ocrx_word' id='word_1_229' title='bbox 379 2809 385 2892; x_wconf 91' lang='grc' dir='ltr'>Ι</span> <span class='ocrx_word' id='word_1_230' title='bbox 413 2809 459 2886; x_wconf 88' lang='grc' dir='ltr'><strong><em>είς</em></strong></span> <span class='ocrx_word' id='word_1_231' title='bbox 491 2803 531 2874; x_wconf 86' lang='grc' dir='ltr'><strong><em>τὸ</em></strong></span> <span class='ocrx_word' id='word_1_232' title='bbox 565 2801 715 2892; x_wconf 90' lang='grc' dir='ltr'><strong><em>άγαθσῦς</em></strong></span> <span class='ocrx_word' id='word_1_233' title='bbox 737 2803 863 2892; x_wconf 79' lang='grc' dir='ltr'><strong><em>ἄνδρας</em></strong></span> <span class='ocrx_word' id='word_1_234' title='bbox 894 2807 1098 2893; x_wconf 78' lang='grc' dir='ltr'><strong><em>(γίγνεσθαι)</em></strong></span> <span class='ocrx_word' id='word_1_235' title='bbox 1131 2812 1304 2894; x_wconf 85' lang='grc' dir='ltr'><strong><em>γεγονέναι</em></strong></span> <span class='ocrx_word' id='word_1_236' title='bbox 1326 2813 1388 2898; x_wconf 80' lang='grc' dir='ltr'><strong><em>τῆς</em></strong></span> <span class='ocrx_word' id='word_1_237' title='bbox 1413 2815 1509 2890; x_wconf 86' lang='grc' dir='ltr'><strong><em>θείας</em></strong></span> <span class='ocrx_word' id='word_1_238' title='bbox 1526 2818 1610 2874; x_wconf 81' lang='grc' dir='ltr'>823Ρ</span> 
     </span>
     <span class='ocr_line' id='line_1_24' title="bbox 200 2897 1546 2998; baseline 0.001 -26"><span class='ocrx_word' id='word_1_239' title='bbox 200 2909 365 2990; x_wconf 88' lang='grc' dir='ltr'><strong><em>προνοίας</em></strong></span> <span class='ocrx_word' id='word_1_240' title='bbox 387 2911 501 2974; x_wconf 77' lang='grc' dir='ltr'><strong><em>τεκαὶ</em></strong></span> <span class='ocrx_word' id='word_1_241' title='bbox 525 2902 669 2993; x_wconf 79' lang='grc' dir='ltr'><strong><em>γνώμης.</em></strong></span> <span class='ocrx_word' id='word_1_242' title='bbox 713 2907 857 2992; x_wconf 77' lang='grc' dir='ltr'><strong><em>ἔμπαλιν</em></strong></span> <span class='ocrx_word' id='word_1_243' title='bbox 880 2897 923 2986; x_wconf 74' lang='grc' dir='ltr'><strong><em>δ’,</em></strong></span> <span class='ocrx_word' id='word_1_244' title='bbox 956 2903 1056 2992; x_wconf 89' lang='grc' dir='ltr'><strong><em>οίμαι,</em></strong></span> <span class='ocrx_word' id='word_1_245' title='bbox 1088 2901 1195 2992; x_wconf 85' lang='grc' dir='ltr'><strong><em>νόμου</em></strong></span> <span class='ocrx_word' id='word_1_246' title='bbox 1217 2909 1304 2976; x_wconf 77' lang='grc' dir='ltr'><strong><em>ἴδιον</em></strong></span> <span class='ocrx_word' id='word_1_247' title='bbox 1325 2914 1381 2978; x_wconf 82' lang='grc' dir='ltr'><strong><em>καί</em></strong></span> <span class='ocrx_word' id='word_1_248' title='bbox 1403 2905 1546 2998; x_wconf 75' lang='grc' dir='ltr'><strong><em>λόγουσ</em></strong></span> 
     </span>
     <span class='ocr_line' id='line_1_25' title="bbox 199 2995 1510 3092; baseline 0.004 -20"><span class='ocrx_word' id='word_1_249' title='bbox 199 2999 330 3083; x_wconf 85' lang='grc' dir='ltr'><strong><em>παντὸς</em></strong></span> <span class='ocrx_word' id='word_1_250' title='bbox 358 2995 469 3090; x_wconf 81' lang='grc' dir='ltr'><strong><em>ὀρθοῦ</em></strong></span> <span class='ocrx_word' id='word_1_251' title='bbox 497 3001 536 3074; x_wconf 87' lang='grc' dir='ltr'><strong><em>τὸ</em></strong></span> <span class='ocrx_word' id='word_1_252' title='bbox 564 3009 741 3092; x_wconf 78' lang='grc' dir='ltr'><strong><em>προσῆκον</em></strong></span> <span class='ocrx_word' id='word_1_253' title='bbox 767 2999 899 3092; x_wconf 71' lang='grc' dir='ltr'><strong><em>ἑκάστῳ</em></strong></span> <span class='ocrx_word' id='word_1_254' title='bbox 925 3009 981 3072; x_wconf 82' lang='grc' dir='ltr'><strong><em>καὶ</em></strong></span> <span class='ocrx_word' id='word_1_255' title='bbox 1008 2999 1049 3072; x_wconf 85' lang='grc' dir='ltr'><strong><em>τὸ</em></strong></span> <span class='ocrx_word' id='word_1_256' title='bbox 1075 3005 1163 3076; x_wconf 85' lang='grc' dir='ltr'><strong><em>ἴδιον</em></strong></span> <span class='ocrx_word' id='word_1_257' title='bbox 1184 3011 1239 3075; x_wconf 84' lang='grc' dir='ltr'><strong><em>καί</em></strong></span> <span class='ocrx_word' id='word_1_258' title='bbox 1261 3003 1303 3076; x_wconf 84' lang='grc' dir='ltr'><strong><em>τὸ</em></strong></span> <span class='ocrx_word' id='word_1_259' title='bbox 1325 3004 1510 3090; x_wconf 82' lang='grc' dir='ltr'><strong><em>ἐπιβάλλον</em></strong></span> 
     </span>
    </p>

    <p class='ocr_par' dir='ltr' id='par_1_6' title="bbox 147 3097 1544 3394">
     <span class='ocr_line' id='line_1_26' title="bbox 147 3097 1544 3192; baseline 0.009 -28"><span class='ocrx_word' id='word_1_260' title='bbox 147 3111 181 3164; x_wconf 82' lang='lat'><strong><em>25</em></strong></span> <span class='ocrx_word' id='word_1_261' title='bbox 199 3097 411 3174; x_wconf 75' lang='grc' dir='ltr'><strong><em>ἀποδιδόναι.</em></strong></span> <span class='ocrx_word' id='word_1_262' title='bbox 455 3099 503 3184; x_wconf 77' lang='grc' dir='ltr'><strong><em>ως</em></strong></span> <span class='ocrx_word' id='word_1_263' title='bbox 525 3101 587 3190; x_wconf 84' lang='grc' dir='ltr'><strong><em>γάρ</em></strong></span> <span class='ocrx_word' id='word_1_264' title='bbox 609 3098 629 3192; x_wconf 84' lang='grc' dir='ltr'><em>ἦ</em></span> <span class='ocrx_word' id='word_1_265' title='bbox 653 3101 738 3190; x_wconf 90' lang='grc' dir='ltr'><strong><em>λύρα</em></strong></span> <span class='ocrx_word' id='word_1_266' title='bbox 758 3099 867 3192; x_wconf 85' lang='grc' dir='ltr'><strong><em>μάνου</em></strong></span> <span class='ocrx_word' id='word_1_267' title='bbox 893 3107 956 3171; x_wconf 91' lang='grc' dir='ltr'><strong><em>τοῦ</em></strong></span> <span class='ocrx_word' id='word_1_268' title='bbox 976 3109 1179 3189; x_wconf 85' lang='grc' dir='ltr'><strong><em>κιθαριστοῦ</em></strong></span> <span class='ocrx_word' id='word_1_269' title='bbox 1201 3110 1256 3176; x_wconf 84' lang='grc' dir='ltr'><strong><em>καὶ</em></strong></span> <span class='ocrx_word' id='word_1_270' title='bbox 1280 3099 1299 3176; x_wconf 87' lang='grc' dir='ltr'><strong><em>δ</em></strong></span> <span class='ocrx_word' id='word_1_271' title='bbox 1321 3101 1424 3188; x_wconf 87' lang='grc' dir='ltr'><strong><em>αύλός</em></strong></span> <span class='ocrx_word' id='word_1_272' title='bbox 1446 3113 1544 3178; x_wconf 73' lang='grc' dir='ltr'><strong><em>τοῦί</em></strong></span> 
     </span>
     <span class='ocr_line' id='line_1_27' title="bbox 198 3195 1507 3296; baseline 0.006 -26"><span class='ocrx_word' id='word_1_273' title='bbox 198 3195 360 3289; x_wconf 89' lang='grc' dir='ltr'><strong><em>αύλητοῦ,</em></strong></span> <span class='ocrx_word' id='word_1_274' title='bbox 385 3197 498 3284; x_wconf 85' lang='grc' dir='ltr'><strong><em>οῦτως</em></strong></span> <span class='ocrx_word' id='word_1_275' title='bbox 513 3201 556 3274; x_wconf 88' lang='grc' dir='ltr'><strong><em>τά</em></strong></span> <span class='ocrx_word' id='word_1_276' title='bbox 574 3199 814 3292; x_wconf 81' lang='grc' dir='ltr'><strong><em>προτερήματα</em></strong></span> <span class='ocrx_word' id='word_1_277' title='bbox 836 3207 911 3272; x_wconf 83' lang='grc' dir='ltr'><strong><em>τῶν</em></strong></span> <span class='ocrx_word' id='word_1_278' title='bbox 931 3196 1075 3288; x_wconf 83' lang='grc' dir='ltr'><strong><em>άγαθιῦν</em></strong></span> <span class='ocrx_word' id='word_1_279' title='bbox 1097 3198 1235 3290; x_wconf 78' lang='grc' dir='ltr'><strong><em>ἀνδρῶν</em></strong></span> <span class='ocrx_word' id='word_1_280' title='bbox 1256 3208 1327 3276; x_wconf 90' lang='grc' dir='ltr'><strong><em>ἐστι</em></strong></span> <span class='ocrx_word' id='word_1_281' title='bbox 1341 3207 1507 3296; x_wconf 77' lang='grc' dir='ltr'><strong><em>κτήματα,</em></strong></span> 
     </span>
     <span class='ocr_line' id='line_1_28' title="bbox 199 3295 1508 3394; baseline 0.007 -28"><span class='ocrx_word' id='word_1_282' title='bbox 199 3305 285 3386; x_wconf 78' lang='grc' dir='ltr'><strong><em>(καί)</em></strong></span> <span class='ocrx_word' id='word_1_283' title='bbox 308 3297 466 3390; x_wconf 85' lang='grc' dir='ltr'><strong><em>καθάπερ</em></strong></span> <span class='ocrx_word' id='word_1_284' title='bbox 488 3299 587 3388; x_wconf 87' lang='grc' dir='ltr'><strong><em>φύσις</em></strong></span> <span class='ocrx_word' id='word_1_285' title='bbox 610 3307 673 3372; x_wconf 92' lang='grc' dir='ltr'><strong><em>τοῦ</em></strong></span> <span class='ocrx_word' id='word_1_286' title='bbox 694 3297 909 3390; x_wconf 87' lang='grc' dir='ltr'><strong><em>άγαθοποωῦ</em></strong></span> <span class='ocrx_word' id='word_1_287' title='bbox 931 3298 972 3370; x_wconf 86' lang='grc' dir='ltr'><strong><em>τὸ</em></strong></span> <span class='ocrx_word' id='word_1_288' title='bbox 994 3295 1230 3388; x_wconf 81' lang='grc' dir='ltr'><strong><em>δγαθοποιεῖν,</em></strong></span> <span class='ocrx_word' id='word_1_289' title='bbox 1253 3299 1302 3384; x_wconf 73' lang='grc' dir='ltr'><strong><em>σάς</em></strong></span> <span class='ocrx_word' id='word_1_290' title='bbox 1322 3311 1386 3374; x_wconf 92' lang='grc' dir='ltr'><strong><em>τοῦ</em></strong></span> <span class='ocrx_word' id='word_1_291' title='bbox 1400 3305 1508 3394; x_wconf 82' lang='grc' dir='ltr'><strong><em>πυρὸς</em></strong></span> 
     </span>
    </p>
   </div>
   <div class='ocr_carea' id='block_1_3' title="bbox 144 3397 1543 3892">
    <p class='ocr_par' dir='ltr' id='par_1_7' title="bbox 144 3397 1543 3892">
     <span class='ocr_line' id='line_1_29' title="bbox 197 3397 1543 3494; baseline 0.008 -25"><span class='ocrx_word' id='word_1_292' title='bbox 197 3397 239 3470; x_wconf 86' lang='grc' dir='ltr'><strong><em>τὸ</em></strong></span> <span class='ocrx_word' id='word_1_293' title='bbox 261 3407 456 3488; x_wconf 87' lang='grc' dir='ltr'><strong><em>θερμαίνειν</em></strong></span> <span class='ocrx_word' id='word_1_294' title='bbox 482 3411 538 3472; x_wconf 83' lang='grc' dir='ltr'><strong><em>καὶ</em></strong></span> <span class='ocrx_word' id='word_1_295' title='bbox 566 3407 629 3474; x_wconf 89' lang='grc' dir='ltr'><strong><em>τοῦ</em></strong></span> <span class='ocrx_word' id='word_1_296' title='bbox 655 3398 772 3486; x_wconf 88' lang='grc' dir='ltr'><strong><em>φωτὸς</em></strong></span> <span class='ocrx_word' id='word_1_297' title='bbox 793 3398 835 3470; x_wconf 89' lang='grc' dir='ltr'><strong><em>τὸ</em></strong></span> <span class='ocrx_word' id='word_1_298' title='bbox 858 3406 1030 3486; x_wconf 79' lang='grc' dir='ltr'><strong><em>φωτίζειν.</em></strong></span> <span class='ocrx_word' id='word_1_299' title='bbox 1072 3399 1181 3472; x_wconf 88' lang='grc' dir='ltr'><strong><em>κακὸν</em></strong></span> <span class='ocrx_word' id='word_1_300' title='bbox 1202 3407 1238 3472; x_wconf 84' lang='grc' dir='ltr'><strong><em>δέ</em></strong></span> <span class='ocrx_word' id='word_1_301' title='bbox 1260 3398 1322 3474; x_wconf 88' lang='grc' dir='ltr'><strong><em>ούκ</em></strong></span> <span class='ocrx_word' id='word_1_302' title='bbox 1344 3401 1388 3474; x_wconf 63' lang='lat' dir='ltr'><strong><em>a»</em></strong></span> <span class='ocrx_word' id='word_1_303' title='bbox 1407 3403 1543 3494; x_wconf 76' lang='grc' dir='ltr'><strong><em>ποιήὸ</em></strong></span> 
     </span>
     <span class='ocr_line' id='line_1_30' title="bbox 197 3493 1542 3595; baseline 0.007 -27"><span class='ocrx_word' id='word_1_304' title='bbox 197 3521 251 3568; x_wconf 94' lang='grc' dir='ltr'><strong><em>σαι</em></strong></span> <span class='ocrx_word' id='word_1_305' title='bbox 277 3494 421 3585; x_wconf 72' lang='grc' dir='ltr'><strong><em>α’γαθδς,</em></strong></span> <span class='ocrx_word' id='word_1_306' title='bbox 452 3497 500 3582; x_wconf 73' lang='grc' dir='ltr'><strong><em>οδς</em></strong></span> <span class='ocrx_word' id='word_1_307' title='bbox 527 3497 604 3573; x_wconf 79' lang='grc' dir='ltr'><strong><em>σύδέ</em></strong></span> <span class='ocrx_word' id='word_1_308' title='bbox 627 3501 668 3572; x_wconf 88' lang='grc' dir='ltr'><strong><em>τὸ</em></strong></span> <span class='ocrx_word' id='word_1_309' title='bbox 691 3507 766 3587; x_wconf 81' lang='grc' dir='ltr'><strong><em>φώς</em></strong></span> <span class='ocrx_word' id='word_1_310' title='bbox 788 3498 953 3572; x_wconf 86' lang='grc' dir='ltr'><strong><em>σκοτιύσει</em></strong></span> <span class='ocrx_word' id='word_1_311' title='bbox 975 3493 996 3587; x_wconf 80' lang='grc' dir='ltr'><strong><em>ή</em></strong></span> <span class='ocrx_word' id='word_1_312' title='bbox 1017 3497 1114 3587; x_wconf 76' lang='grc' dir='ltr'><strong><em>ψύξει</em></strong></span> <span class='ocrx_word' id='word_1_313' title='bbox 1136 3500 1177 3572; x_wconf 86' lang='grc' dir='ltr'><strong><em>τὸ</em></strong></span> <span class='ocrx_word' id='word_1_314' title='bbox 1199 3505 1276 3588; x_wconf 88' lang='grc' dir='ltr'><strong><em>πῦρ.</em></strong></span> <span class='ocrx_word' id='word_1_315' title='bbox 1318 3495 1431 3587; x_wconf 85' lang='grc' dir='ltr'><strong><em>οῦτως</em></strong></span> <span class='ocrx_word' id='word_1_316' title='bbox 1453 3507 1542 3595; x_wconf 84' lang='grc' dir='ltr'><strong><em>ἐμ·ίῖ</em></strong></span> 
     </span>
     <span class='ocr_line' id='line_1_31' title="bbox 144 3593 1503 3694; baseline 0.007 -27"><span class='ocrx_word' id='word_1_317' title='bbox 144 3607 179 3660; x_wconf 80' lang='grc'><strong><em>30</em></strong></span> <span class='ocrx_word' id='word_1_318' title='bbox 195 3607 301 3668; x_wconf 91' lang='grc' dir='ltr'><strong><em>παλιν</em></strong></span> <span class='ocrx_word' id='word_1_319' title='bbox 323 3593 343 3688; x_wconf 88' lang='grc' dir='ltr'><strong><em>ή</em></strong></span> <span class='ocrx_word' id='word_1_320' title='bbox 366 3607 467 3670; x_wconf 88' lang='grc' dir='ltr'><strong><em>κακία</em></strong></span> <span class='ocrx_word' id='word_1_321' title='bbox 494 3597 556 3672; x_wconf 88' lang='grc' dir='ltr'><strong><em>οῦκ</em></strong></span> <span class='ocrx_word' id='word_1_322' title='bbox 582 3599 625 3672; x_wconf 81' lang='grc' dir='ltr'><strong><em>ἄν</em></strong></span> <span class='ocrx_word' id='word_1_323' title='bbox 652 3627 685 3670; x_wconf 88' lang='grc' dir='ltr'><strong><em>τι</em></strong></span> <span class='ocrx_word' id='word_1_324' title='bbox 707 3597 870 3686; x_wconf 82' lang='grc' dir='ltr'><strong><em>ἐνάρετον</em></strong></span> <span class='ocrx_word' id='word_1_325' title='bbox 891 3595 1042 3688; x_wconf 86' lang='grc' dir='ltr'><strong><em>ποιήσαι·</em></strong></span> <span class='ocrx_word' id='word_1_326' title='bbox 1079 3604 1228 3690; x_wconf 90' lang='grc' dir='ltr'><strong><em>ἐνέργεια</em></strong></span> <span class='ocrx_word' id='word_1_327' title='bbox 1249 3601 1312 3690; x_wconf 85' lang='grc' dir='ltr'><strong><em>γάρ</em></strong></span> <span class='ocrx_word' id='word_1_328' title='bbox 1335 3601 1440 3694; x_wconf 87' lang='grc' dir='ltr'><strong><em>αύτής</em></strong></span> <span class='ocrx_word' id='word_1_329' title='bbox 1462 3605 1503 3676; x_wconf 86' lang='grc' dir='ltr'><strong><em>τὸ</em></strong></span> 
     </span>
     <span class='ocr_line' id='line_1_32' title="bbox 194 3691 1503 3788; baseline 0.007 -22"><span class='ocrx_word' id='word_1_330' title='bbox 194 3717 393 3770; x_wconf 85' lang='grc' dir='ltr'><strong><em>κακοποιεῖν</em></strong></span> <span class='ocrx_word' id='word_1_331' title='bbox 414 3695 463 3782; x_wconf 74' lang='grc' dir='ltr'><strong><em>αίς</em></strong></span> <span class='ocrx_word' id='word_1_332' title='bbox 485 3707 547 3772; x_wconf 93' lang='grc' dir='ltr'><strong><em>τοῦ</em></strong></span> <span class='ocrx_word' id='word_1_333' title='bbox 569 3697 713 3782; x_wconf 85' lang='grc' dir='ltr'><strong><em>σκύτους</em></strong></span> <span class='ocrx_word' id='word_1_334' title='bbox 734 3697 776 3770; x_wconf 87' lang='grc' dir='ltr'><strong><em>τὸ</em></strong></span> <span class='ocrx_word' id='word_1_335' title='bbox 798 3717 932 3786; x_wconf 84' lang='grc' dir='ltr'><strong><em>συγχεῖν</em></strong></span> <span class='ocrx_word' id='word_1_336' title='bbox 953 3697 1015 3781; x_wconf 83' lang='grc' dir='ltr'><strong><em>τὰς</em></strong></span> <span class='ocrx_word' id='word_1_337' title='bbox 1037 3691 1145 3784; x_wconf 77' lang='grc' dir='ltr'><strong><em>ὄφεις·</em></strong></span> <span class='ocrx_word' id='word_1_338' title='bbox 1182 3696 1224 3772; x_wconf 89' lang='grc' dir='ltr'><strong><em>οῦ</em></strong></span> <span class='ocrx_word' id='word_1_339' title='bbox 1245 3707 1364 3773; x_wconf 89' lang='grc' dir='ltr'><strong><em>τοίνυν</em></strong></span> <span class='ocrx_word' id='word_1_340' title='bbox 1385 3711 1503 3788; x_wconf 83' lang='grc' dir='ltr'><strong><em>κακίας</em></strong></span> 
     </span>
     <span class='ocr_line' id='line_1_33' title="bbox 194 3793 1538 3892; baseline 0.01 -28"><span class='ocrx_word' id='word_1_341' title='bbox 194 3797 294 3884; x_wconf 78' lang='grc' dir='ltr'><strong><em>ἔργον</em></strong></span> <span class='ocrx_word' id='word_1_342' title='bbox 316 3794 337 3886; x_wconf 87' lang='grc' dir='ltr'><strong><em>ή</em></strong></span> <span class='ocrx_word' id='word_1_343' title='bbox 358 3807 546 3886; x_wconf 91' lang='grc' dir='ltr'><strong><em>φιλοσοφία</em></strong></span> <span class='ocrx_word' id='word_1_344' title='bbox 567 3805 746 3886; x_wconf 85' lang='grc' dir='ltr'><strong><em>ἐναρέτους</em></strong></span> <span class='ocrx_word' id='word_1_345' title='bbox 767 3805 920 3868; x_wconf 89' lang='grc' dir='ltr'><strong><em>ποιοῦσα.</em></strong></span> <span class='ocrx_word' id='word_1_346' title='bbox 963 3805 1115 3870; x_wconf 88' lang='grc' dir='ltr'><strong><em>λείπεται</em></strong></span> <span class='ocrx_word' id='word_1_347' title='bbox 1138 3799 1179 3888; x_wconf 82' lang='grc' dir='ltr'><strong><em>δή</em></strong></span> <span class='ocrx_word' id='word_1_348' title='bbox 1202 3807 1300 3884; x_wconf 84' lang='grc' dir='ltr'><strong><em>θεοῦ,</em></strong></span> <span class='ocrx_word' id='word_1_349' title='bbox 1331 3793 1373 3874; x_wconf 83' lang='grc' dir='ltr'><strong><em>ού</em></strong></span> <span class='ocrx_word' id='word_1_350' title='bbox 1393 3801 1538 3892; x_wconf 89' lang='grc' dir='ltr'><strong><em>μόνονῖ</em></strong></span> 
     </span>
    </p>
   </div>
   <div class='ocr_carea' id='block_1_4' title="bbox 193 4009 1504 4168">
    <p class='ocr_par' dir='ltr' id='par_1_8' title="bbox 193 4009 1504 4168">
     <span class='ocr_line' id='line_1_34' title="bbox 280 4009 1504 4086; baseline 0.002 -20"><span class='ocrx_word' id='word_1_351' title='bbox 280 4012 325 4068; x_wconf 76' lang='lat' dir='ltr'><strong>M</strong></span> <span class='ocrx_word' id='word_1_352' title='bbox 349 4011 405 4082; x_wconf 68' lang='grc' dir='ltr'><strong><em>νηί.</em></strong></span> <span class='ocrx_word' id='word_1_353' title='bbox 423 4011 502 4068; x_wconf 61' lang='lat' dir='ltr'><strong><em>Dent</em></strong></span> <span class='ocrx_word' id='word_1_354' title='bbox 521 4013 598 4076; x_wconf 71' lang='lat' dir='ltr'><strong><em>32.ss</em></strong></span> <span class='ocrx_word' id='word_1_355' title='bbox 623 4011 716 4080; x_wconf 76' lang='lat' dir='ltr'>fflebr.</span> <span class='ocrx_word' id='word_1_356' title='bbox 739 4013 761 4076; x_wconf 86' lang='lat'><strong><em>1,</em></strong></span> <span class='ocrx_word' id='word_1_357' title='bbox 783 4011 851 4078; x_wconf 63' lang='lat'><strong><em>142)</em></strong></span> <span class='ocrx_word' id='word_1_358' title='bbox 938 4011 956 4066; x_wconf 84' lang='grc'>8</span> <span class='ocrx_word' id='word_1_359' title='bbox 983 4009 1228 4080; x_wconf 76' lang='lat' dir='ltr'>vgl.Joh.10,11</span> <span class='ocrx_word' id='word_1_360' title='bbox 1316 4013 1427 4070; x_wconf 72' lang='lat'>19—21</span> <span class='ocrx_word' id='word_1_361' title='bbox 1448 4015 1504 4086; x_wconf 68' lang='grc' dir='ltr'><strong><em>νηί.</em></strong></span> 
     </span>
     <span class='ocr_line' id='line_1_35' title="bbox 193 4093 1306 4168; baseline 0 -18"><span class='ocrx_word' id='word_1_362' title='bbox 193 4095 401 4162; x_wconf 58' lang='lat' dir='ltr'>summo</span> <span class='ocrx_word' id='word_1_363' title='bbox 470 4097 607 4168; x_wconf 71' lang='lat' dir='ltr'><strong><em>221ng</em></strong></span> <span class='ocrx_word' id='word_1_364' title='bbox 625 4097 651 4151; x_wconf 85' lang='lat' dir='ltr'><strong><em>S.</em></strong></span> <span class='ocrx_word' id='word_1_365' title='bbox 670 4095 797 4160; x_wconf 59' lang='lat' dir='ltr'><strong><em>501,ssst</em></strong></span> <span class='ocrx_word' id='word_1_366' title='bbox 819 4093 901 4150; x_wconf 86' lang='lat' dir='ltr'>Phsso</span> <span class='ocrx_word' id='word_1_367' title='bbox 920 4093 985 4166; x_wconf 67' lang='lat' dir='ltr'><strong><em>lag.</em></strong></span> <span class='ocrx_word' id='word_1_368' title='bbox 1003 4094 1050 4151; x_wconf 71' lang='lat' dir='ltr'><strong>ull.</strong></span> <span class='ocrx_word' id='word_1_369' title='bbox 1068 4095 1080 4150; x_wconf 92' lang='lat'>1</span> <span class='ocrx_word' id='word_1_370' title='bbox 1098 4098 1115 4150; x_wconf 76' lang='grc' dir='ltr'>ὁ</span> <span class='ocrx_word' id='word_1_371' title='bbox 1133 4096 1156 4162; x_wconf 76' lang='grc' dir='ltr'><strong><em>(Ι</em></strong></span> <span class='ocrx_word' id='word_1_372' title='bbox 1174 4115 1200 4166; x_wconf 89' lang='lat' dir='ltr'><strong><em>p.</em></strong></span> <span class='ocrx_word' id='word_1_373' title='bbox 1220 4097 1306 4166; x_wconf 61' lang='grc' dir='ltr'><strong><em>ΗΜ)</em></strong></span> 
     </span>
    </p>
   </div>
   <div class='ocr_carea' id='block_1_5' title="bbox 189 4283 1502 4696">
    <p class='ocr_par' dir='ltr' id='par_1_9' title="bbox 189 4283 1502 4696">
     <span class='ocr_line' id='line_1_36' title="bbox 278 4283 1502 4358; baseline 0.003 -14"><span class='ocrx_word' id='word_1_374' title='bbox 278 4288 323 4344; x_wconf 70' lang='grc' dir='ltr'><strong><em>Ξί</em></strong></span> <span class='ocrx_word' id='word_1_375' title='bbox 338 4305 383 4342; x_wconf 72' lang='lat' dir='ltr'><strong><em>am</em></strong></span> <span class='ocrx_word' id='word_1_376' title='bbox 402 4289 492 4345; x_wconf 66' lang='lat' dir='ltr'><strong><em>aad:</em></strong></span> <span class='ocrx_word' id='word_1_377' title='bbox 519 4285 564 4346; x_wconf 81' lang='grc' dir='ltr'><strong><em>δτι</em></strong></span> <span class='ocrx_word' id='word_1_378' title='bbox 588 4291 638 4346; x_wconf 83' lang='grc' dir='ltr'><strong><em>καί</em></strong></span> <span class='ocrx_word' id='word_1_379' title='bbox 665 4295 721 4342; x_wconf 86' lang='grc' dir='ltr'><strong><em>τῶν</em></strong></span> <span class='ocrx_word' id='word_1_380' title='bbox 744 4283 887 4356; x_wconf 75' lang='grc' dir='ltr'><strong><em>ἐναρέτου</em></strong></span> <span class='ocrx_word' id='word_1_381' title='bbox 909 4283 1074 4358; x_wconf 78' lang='grc' dir='ltr'><strong><em>ἀνθρώπων</em></strong></span> <span class='ocrx_word' id='word_1_382' title='bbox 1098 4284 1221 4342; x_wconf 86' lang='grc' dir='ltr'><strong><em>ἐπίνοιαι</em></strong></span> <span class='ocrx_word' id='word_1_383' title='bbox 1242 4289 1316 4346; x_wconf 82' lang='grc' dir='ltr'><strong><em>κατὰ</em></strong></span> <span class='ocrx_word' id='word_1_384' title='bbox 1338 4291 1423 4348; x_wconf 86' lang='grc' dir='ltr'><strong><em>θείαν</em></strong></span> <span class='ocrx_word' id='word_1_385' title='bbox 1445 4288 1502 4348; x_wconf 84' lang='grc' dir='ltr'><strong><em>ἐπί-</em></strong></span> 
     </span>
     <span class='ocr_line' id='line_1_37' title="bbox 190 4371 1501 4442; baseline 0.005 -16"><span class='ocrx_word' id='word_1_386' title='bbox 190 4390 294 4428; x_wconf 85' lang='grc' dir='ltr'><strong><em>πνοιαν</em></strong></span> <span class='ocrx_word' id='word_1_387' title='bbox 312 4373 458 4442; x_wconf 84' lang='grc' dir='ltr'><strong><em>γίγνονται</em></strong></span> <span class='ocrx_word' id='word_1_388' title='bbox 482 4375 516 4428; x_wconf 80' lang='lat' dir='ltr'><strong><em>L³</em></strong></span> <span class='ocrx_word' id='word_1_389' title='bbox 601 4375 621 4430; x_wconf 72' lang='lat'><strong>⁸</strong></span> <span class='ocrx_word' id='word_1_390' title='bbox 644 4371 794 4430; x_wconf 83' lang='grc' dir='ltr'><strong><em>ἐπίπνοιαν</em></strong></span> <span class='ocrx_word' id='word_1_391' title='bbox 815 4371 883 4442; x_wconf 80' lang='lat' dir='ltr'><strong><em>(ng.</em></strong></span> <span class='ocrx_word' id='word_1_392' title='bbox 901 4371 926 4424; x_wconf 88' lang='lat' dir='ltr'><strong><em>S.</em></strong></span> <span class='ocrx_word' id='word_1_393' title='bbox 945 4375 1002 4438; x_wconf 80' lang='lat'>515,</span> <span class='ocrx_word' id='word_1_394' title='bbox 1020 4373 1047 4438; x_wconf 87' lang='lat'><strong><em>2)</em></strong></span> <span class='ocrx_word' id='word_1_395' title='bbox 1070 4373 1106 4441; x_wconf 84' lang='lat' dir='ltr'><strong><em>Sy</em></strong></span> <span class='ocrx_word' id='word_1_396' title='bbox 1124 4371 1176 4426; x_wconf 76' lang='lat' dir='ltr'><strong><em>wie</em></strong></span> <span class='ocrx_word' id='word_1_397' title='bbox 1194 4373 1229 4426; x_wconf 68' lang='grc' dir='ltr'><strong><em>Ιθ</em></strong></span> <span class='ocrx_word' id='word_1_398' title='bbox 1245 4373 1285 4428; x_wconf 84' lang='lat' dir='ltr'><strong><em>im</em></strong></span> <span class='ocrx_word' id='word_1_399' title='bbox 1303 4375 1417 4431; x_wconf 72' lang='lat' dir='ltr'><strong>Lemma</strong></span> <span class='ocrx_word' id='word_1_400' title='bbox 1444 4374 1501 4434; x_wconf 87' lang='grc' dir='ltr'><strong><em>ἐπί·</em></strong></span> 
     </span>
     <span class='ocr_line' id='line_1_38' title="bbox 189 4451 1502 4528; baseline 0.005 -18"><span class='ocrx_word' id='word_1_401' title='bbox 189 4473 271 4510; x_wconf 80' lang='grc' dir='ltr'><strong><em>νσιαν</em></strong></span> <span class='ocrx_word' id='word_1_402' title='bbox 290 4455 323 4510; x_wconf 69' lang='grc' dir='ltr'><strong><em>Ιιί</em></strong></span> <span class='ocrx_word' id='word_1_403' title='bbox 405 4459 419 4512; x_wconf 83' lang='grc' dir='ltr'><strong><em>λ</em></strong></span> <span class='ocrx_word' id='word_1_404' title='bbox 441 4452 503 4528; x_wconf 84' lang='grc' dir='ltr'><strong><em>[ὢν]</em></strong></span> <span class='ocrx_word' id='word_1_405' title='bbox 530 4461 610 4514; x_wconf 68' lang='lat' dir='ltr'><strong><em>Sehw</em></strong></span> <span class='ocrx_word' id='word_1_406' title='bbox 628 4459 675 4512; x_wconf 82' lang='lat' dir='ltr'><strong><em>wi</em></strong></span> <span class='ocrx_word' id='word_1_407' title='bbox 756 4458 794 4514; x_wconf 72' lang='lat'><strong><em>12</em></strong></span> <span class='ocrx_word' id='word_1_408' title='bbox 819 4455 862 4526; x_wconf 66' lang='grc' dir='ltr'><strong><em>ήί]</em></strong></span> <span class='ocrx_word' id='word_1_409' title='bbox 884 4451 901 4526; x_wconf 82' lang='grc' dir='ltr'><strong><em>ή</em></strong></span> <span class='ocrx_word' id='word_1_410' title='bbox 925 4455 944 4510; x_wconf 86' lang='lat' dir='ltr'>L</span> <span class='ocrx_word' id='word_1_411' title='bbox 1025 4455 1064 4510; x_wconf 75' lang='lat'><strong><em>22</em></strong></span> <span class='ocrx_word' id='word_1_412' title='bbox 1088 4454 1122 4512; x_wconf 91' lang='grc' dir='ltr'><strong><em>τδ</em></strong></span> <span class='ocrx_word' id='word_1_413' title='bbox 1150 4455 1198 4512; x_wconf 67' lang='lat' dir='ltr'><strong><em>Ma</em></strong></span> <span class='ocrx_word' id='word_1_414' title='bbox 1218 4456 1323 4524; x_wconf 68' lang='grc' dir='ltr'><strong><em>τοῦςίι</em></strong></span> <span class='ocrx_word' id='word_1_415' title='bbox 1350 4459 1410 4528; x_wconf 51' lang='lat' dir='ltr'><strong><em>aa&gt;</em></strong></span> <span class='ocrx_word' id='word_1_416' title='bbox 1437 4461 1502 4527; x_wconf 87' lang='grc' dir='ltr'><strong><em>τοῦς</em></strong></span> 
     </span>
     <span class='ocr_line' id='line_1_39' title="bbox 189 4535 1501 4620; baseline 0.004 -27"><span class='ocrx_word' id='word_1_417' title='bbox 189 4541 270 4594; x_wconf 79' lang='lat' dir='ltr'><strong>Schw</strong></span> <span class='ocrx_word' id='word_1_418' title='bbox 352 4543 530 4612; x_wconf 79' lang='grc' dir='ltr'><strong><em>(γίγνεσθαι)</em></strong></span> <span class='ocrx_word' id='word_1_419' title='bbox 548 4543 580 4598; x_wconf 77' lang='lat' dir='ltr'><strong><em>St</em></strong></span> <span class='ocrx_word' id='word_1_420' title='bbox 601 4541 779 4610; x_wconf 82' lang='grc' dir='ltr'><strong><em>(δεδωκέναι)</em></strong></span> <span class='ocrx_word' id='word_1_421' title='bbox 799 4542 878 4596; x_wconf 74' lang='lat' dir='ltr'><strong>Schw</strong></span> <span class='ocrx_word' id='word_1_422' title='bbox 976 4541 1016 4596; x_wconf 74' lang='lat'><strong><em>24</em></strong></span> <span class='ocrx_word' id='word_1_423' title='bbox 1039 4535 1195 4612; x_wconf 77' lang='grc' dir='ltr'><strong><em>ἐπιβάλλον</em></strong></span> <span class='ocrx_word' id='word_1_424' title='bbox 1211 4558 1279 4598; x_wconf 73' lang='lat' dir='ltr'><strong><em>oon.</em></strong></span> <span class='ocrx_word' id='word_1_425' title='bbox 1298 4561 1348 4598; x_wconf 78' lang='grc' dir='ltr'><strong><em>σαι</em></strong></span> <span class='ocrx_word' id='word_1_426' title='bbox 1365 4542 1501 4620; x_wconf 73' lang='grc' dir='ltr'><strong><em>ἐπιβάλω</em></strong></span> 
     </span>
     <span class='ocr_line' id='line_1_40' title="bbox 189 4623 1502 4696; baseline 0.008 -18"><span class='ocrx_word' id='word_1_427' title='bbox 189 4625 223 4678; x_wconf 66' lang='grc' dir='ltr'><strong><em>ίιΙ</em></strong></span> <span class='ocrx_word' id='word_1_428' title='bbox 315 4627 353 4684; x_wconf 73' lang='lat'><strong><em>27</em></strong></span> <span class='ocrx_word' id='word_1_429' title='bbox 383 4629 458 4694; x_wconf 85' lang='grc' dir='ltr'><strong><em>(καί)</em></strong></span> <span class='ocrx_word' id='word_1_430' title='bbox 485 4626 517 4682; x_wconf 75' lang='lat' dir='ltr'><strong><em>St</em></strong></span> <span class='ocrx_word' id='word_1_431' title='bbox 606 4627 677 4684; x_wconf 71' lang='lat'><strong><em>281</em></strong></span> <span class='ocrx_word' id='word_1_432' title='bbox 703 4627 819 4696; x_wconf 79' lang='grc' dir='ltr'><strong><em>ποιήσαι</em></strong></span> <span class='ocrx_word' id='word_1_433' title='bbox 845 4623 961 4680; x_wconf 79' lang='grc' dir='ltr'><strong><em>Ησταίιεί</em></strong></span> <span class='ocrx_word' id='word_1_434' title='bbox 987 4625 1098 4694; x_wconf 81' lang='grc' dir='ltr'><strong><em>ποιήσει</em></strong></span> <span class='ocrx_word' id='word_1_435' title='bbox 1127 4625 1147 4678; x_wconf 85' lang='lat' dir='ltr'>L</span> <span class='ocrx_word' id='word_1_436' title='bbox 1238 4627 1278 4684; x_wconf 70' lang='grc' dir='ltr'><strong><em>λθ</em></strong></span> <span class='ocrx_word' id='word_1_437' title='bbox 1305 4627 1444 4688; x_wconf 82' lang='grc' dir='ltr'><strong><em>σκατύιαει</em></strong></span> <span class='ocrx_word' id='word_1_438' title='bbox 1470 4631 1502 4688; x_wconf 76' lang='lat' dir='ltr'><strong><em>st</em></strong></span> 
     </span>
    </p>
   </div>
   <div class='ocr_carea' id='block_1_6' title="bbox 188 4709 1293 4856">
    <p class='ocr_par' dir='ltr' id='par_1_10' title="bbox 188 4709 1293 4856">
     <span class='ocr_line' id='line_1_41' title="bbox 188 4709 329 4776; baseline -0.007 -11"><span class='ocrx_word' id='word_1_439' title='bbox 188 4709 290 4776; x_wconf 82' lang='grc' dir='ltr'><strong><em>σκότος</em></strong></span> <span class='ocrx_word' id='word_1_440' title='bbox 308 4711 329 4764; x_wconf 78' lang='lat'><strong><em>1.</em></strong></span> 
     </span>
     <span class='ocr_line' id='line_1_42' title="bbox 245 4795 1293 4856; baseline 0.002 -16"><span class='ocrx_word' id='word_1_441' title='bbox 245 4795 356 4840; x_wconf 71' lang='lat' dir='ltr'><strong>Glemona</strong></span> <span class='ocrx_word' id='word_1_442' title='bbox 372 4797 403 4843; x_wconf 84' lang='lat'><strong><em>11.</em></strong></span> <span class='ocrx_word' id='word_1_443' title='bbox 1260 4799 1293 4856; x_wconf 85' lang='grc'><strong><em>33</em></strong></span> 
     </span>
    </p>
   </div>
   <div class='ocr_carea' id='block_1_7' title="bbox 0 0 1856 5530">
    <p class='ocr_par' dir='ltr' id='par_1_11' title="bbox 0 0 1856 5530">
     <span class='ocr_line' id='line_1_43' title="bbox 0 0 1856 5530; baseline 0 0"><span class='ocrx_word' id='word_1_444' title='bbox 0 0 1856 5530; x_wconf 95' lang='lat' dir='ltr'><strong><em> </em></strong></span> 
     </span>
    </p>
   </div>
  </div>
 </body>
</html>
