3760 5534
603 535 742 592 stromata
759 535 806 588 111.
829 535 893 605 Cap.
906 532 1004 590 1an
1023 535 1080 602 107,
1091 535 1201 600 4-110,
1214 537 1238 590 θ.
1510 543 1569 604 247

266 705 313 782 είς
349 697 389 770 τό
426 697 594 786 ἐξώτερον
630 693 753 780 σκότος
789 692 990 784 ὁδοιπορίαν
1027 700 1282 786 ἐπανῃρημένοι.
1340 697 1400 770 »τό
1436 693 1569 778 λοιπόν,
1588 709 1608 765 ⁸

266 794 419 916 όδελφοί,
443 793 505 868 όσα
527 791 651 887 όληθῇ
674 789 737 868 ὅσα
758 793 870 887 οεμνᾶ,
894 790 956 870 ὅσα
971 790 1135 878 δίκαια,”
1115 819 1177 868 οσα
1192 791 1288 886 όγνό,
1311 790 1373 868 ὅσα
1387 801 1570 914 προσφιλῆ

266 890 328 968 όσα
351 887 492 987 εόφημα,
524 899 554 966 εί
576 923 626 978 τις
647 891 750 984 όρετῇ
771 901 826 967 καί
849 899 878 966 εί
898 925 950 978 τις
973 899 1124 978 ἔπαινος,
1155 901 1264 968 ταῦτα
1286 904 1473 986 λογίζεσθε·
1509 887 1571 966 όσα

266 1003 321 1068 καί
343 993 485 1084 ἐμάθετε
510 993 551 1084 [3]
572 1003 627 1068 καί
650 993 856 1084 παρελάβετε
875 997 967 1066 καί
951 987 1116 1085 ηκοόσατε
1132 1004 1187 1067 καί
1206 999 1345 1068 ίδετεέν
1360 999 1442 1118 ἐμοί,
1465 1001 1572 1067 ταῦτα

231 1092 445 1184 οπρόοσετε·
476 1091 572 1168 καίι
554 1125 573 1168 ο
596 1093 678 1178 θεός
698 1101 759 1185 τῇς
782 1093 917 1186 εἰρήνης
939 1097 1031 1166 ἔσται
1052 1091 1133 1216 μεθ
1155 1091 1277 1184 όμῶν.ι
1322 1089 1418 1167 καί“
1400 1125 1419 1166 ο
1441 1101 1572 1182 Πέτρος
1589 1107 1686 1170 110,1

266 1199 304 1267 ἐν
325 1203 368 1284 τῇ
389 1199 551 1284 ἐπιστολῇ
573 1193 616 1266 τό
639 1187 739 1284 ὅμοια
765 1201 865 1283 λέγει·
905 1191 1011 1266 »ὥστε
1034 1193 1099 1284 τὴν
1120 1191 1278 1267 πίστιν
1258 1201 1355 1284 ομιδν
1375 1201 1430 1266 καὶ
1452 1198 1572 1266 ἐλπίδα

266 1295 352 1366 είναι
384 1299 430 1378 είς
460 1291 555 1378 θεόν,
586 1293 648 1376 τὰς
673 1292 781 1412 φηγός
807 1290 903 1414 3333»
929 1289 1104 1383 ἡγνικότες
1130 1298 1167 1368 ἐν
1189 1301 1232 1383 τῇ
1253 1291 1386 1382 όπακοῇ
1408 1299 1469 1382 τῇς
1491 1289 1572 1382 όλη·

266 1401 370 1476 θείας,
393 1391 442 1477 οός
463 1389 606 1465 τέκνα“
586 1398 753 1483 οπακοῇς,
775 1391 821 1484 μὴ
835 1391 1161 1514 σνσχηματιζόμενοι
1183 1412 1257 1478 ταις
1277 1391 1448 1516 πρότερον
1469 1395 1507 1463 ἐν
1529 1399 1607 1480 τῇθ

266 1489 429 1586 όγνοίη“
408 1499 505 1582 υμῶν
527 1497 730 1582 ἐπιθυμίαις,
762 1489 848 1564 ἀλλὰ
875 1491 962 1564 κατὰ
990 1491 1054 1564 τόν
1079 1489 1311 1566 καλέσαντα
1291 1521 1375 1580 υμας
1396 1485 1496 1580 όγιον
1516 1497 1572 1562 καὶ

217 1609 248 1664 10
266 1585 414 1664 αδτοὶ“
393 1619 484 1680 αγιοι
509 1595 545 1662 ἐν
570 1588 661 1679 πόση
693 1587 892 1680 ἀναστροφῇ
923 1589 1105 1684 γενήθητε,
1133 1589 1221 1666 διότι
1244 1598 1441 1682 γέγραπται·
1469 1583 1572 1679 »ἅγιοι

265 1693 390 1774 ἔσεσθε,
413 1687 501 1762 διότι
521 1683 633 1779 373⁰
612 1719 714 1780 αγιος.
716 1719 745 1756 «ι

347 1867 446 1945 Ἀλλὰ
468 1871 531 1961 γὰρ
552 1877 638 1960 πέρα
661 1879 724 1944 τοῦ
745 1879 885 1958 δεόντος
900 1871 920 1965 3
934 1873 1021 1964 πρὸς
1043 1873 1124 1956 τούς
1147 1871 1389 1962 ψευδωνύμοος
1411 1879 1472 1962 τῇς
1487 1871 1609 1962 γνῶ-θ

265 1997 351 2055 σεως
381 1967 567 2060 δποκριτός
596 1969 761 2062 ἀναγκαία
791 1981 954 2064 γενομένη
985 1969 1157 2064 όπῇγαγεν
1187 1969 1271 2063 ἡμᾶς
1297 1981 1352 2044 καί
1375 1977 1421 2057 είς
1442 1971 1573 2062 μακρόν

265 2077 406 2159 ἐξέτεινε
438 2071 501 2143 τὸν
532 2067 637 2161 λόγον
666 2069 851 2162 όντιλογία.
894 2065 979 2146 ὅθεν
1010 2082 1066 2144 καὶ
1092 2069 1110 2144 3
1133 2079 1250 2161 τρίτος
1282 2067 1360 2162 ἡμῖν
1387 2078 1460 2144 τῶν
1485 2069 1573 2143 κατὰ

215 2189 248 2244 15
266 2169 331 2260 τὴν
353 2165 467 2262 όληθῇ
491 2177 700 2260 φιλοσοφίαν
721 2177 923 2261 γνωστικῶν
945 2167 1202 2262 όπομνημότων
1217 2171 1445 2262 Στρωματεός
1467 2177 1573 2244 τοῦτο

266 2273 331 2360 ἔχει
353 2267 395 2342 τὸ
416 2277 528 2360 πέρας.
548 2277 552 2360 Ι

350 2473 926 2544 1v31.1{ntth.8‚12;22,13;25,30
1008 2475 1080 2532 1-5
1102 2473 1173 2530 Phil.
1191 2475 1273 2540 381
1351 2474 1573 2530 1-1111’03.

265 2561 289 2624 1,
307 2559 368 2616 215.
389 2561 489 2614 14-16
507 2559 682 2629 (16=Lev.
702 2563 742 2626 11.
760 2565 805 2624 λίς
830 2563 869 2626 19,
888 2561 917 2628 2ς
939 2561 981 2626 20,
1000 2561 1025 2628 λ)

350 2747 369 2802 ι
389 2741 426 2818 [ο]
444 2749 475 2802 ει
493 2749 544 2818 (τι.
558 2748 690 2804 νοήσειε
702 2767 735 2806 zu
748 2743 813 2818 aaa)
882 2743 1022 2824 οιγνοιᾳ
1035 2747 1046 2800 1
1060 2747 1130 2802 τοι.
1143 2743 1277 2821 εφειᾳο
1348 2745 1411 2802 ιιι
1425 2707 1574 2816 ίπηηεν

264 2875 339 2946 ημᾶς
363 2877 412 2932 καί
438 2827 478 2942 έίς
503 2875 616 2950 μακρὸν
638 2871 757 2942 ἐξέτεινε
779 2875 830 2932 τὸν
852 2876 939 2948 λόγον
961 2841 1110 2947 ἀντιλογία
1133 2877 1162 2944 (α
1179 2879 1200 2948 β
1216 2894 1234 2946 γ
1251 2874 1295 2929 θλ).
1314 2874 1341 2930 δ.
1358 2875 1385 2930 Ζ.
1403 2893 1457 2932 von
1476 2875 1519 2944 λε’)

350 3063 529 3136 Subscriptio:
558 3025 674 3138 οτρονμίι
696 3069 729 3136 3:
749 3094 781 3106 —
