3772 5532
544 558 682 616 stromata
700 559 732 614 11,
752 559 816 630 Gap.
828 560 902 614 xvl.
922 563 962 625 73,
974 560 1090 632 ἐ-Ουρ.
1103 558 1203 616 XVIII.
1222 561 1262 622 78,
1275 561 1298 614 2.
1519 569 1575 632 153

268 715 373 809 λόγου
399 717 456 808 ἐφ’
488 717 574 811 ήμίν.
617 718 815 810 παράκειται
839 727 875 794 δὲ
897 729 940 812 τῇ
971 719 1136 812 ἐπιστήμη
1167 719 1188 812 5
1221 719 1254 792 τ’
1286 727 1438 812 ἐμπειρία
1469 731 1523 794 καί
1555 721 1612 814 ή2

267 823 391 910 εἴδησις
413 819 542 904 σῦνεσίς
565 829 677 892 τεκαὶ
699 817 814 910 νόησις
834 829 890 892 καὶ
912 827 1044 910 γνῶσις.
1076 829 1132 894 καί
1155 819 1175 911 5
1197 827 1259 912 μέν
1273 827 1395 912 είδησις
1410 821 1574 915 ἐπιστήμη
1593 835 1612 890 Ι

267 923 341 988 τῶν
370 915 454 991 καθ’
477 915 562 994 όλου
591 917 669 992 κατ’
692 919 782 1005 εἶδος
811 924 860 1011 εἴη
883 919 940 992 όν·
971 916 1049 1009 555
1075 923 1227 1010 ἐμπειρία
1252 919 1417 1012 ἐπιστήμη
1440 933 1575 1014 περιλη-

267 1015 381 1108 πτική
409 1017 498 1090 ωστε
519 1028 575 1092 καί
598 1017 674 1092 οἷόν
695 1023 788 1092 ἐστιν
811 1021 954 1092 ἐκαστον
975 1029 1289 1110 πολυπραγμονεῖν·
1311 1019 1426 1110 νόησις
1447 1027 1484 1094 δέ
1505 1027 1576 1095 ἐπι-

233 1113 375 1208 ῡστήμη
407 1125 553 1210 νοητοῦ·
582 1127 638 1190 καί
669 1117 797 1202 οῦνεσις
827 1115 992 1209 ἐπιστήμη
1022 1125 1212 1210 συμβλητοῦ
1242 1115 1264 1208 5
1294 1117 1521 1210 σῦμβλησις’
1500 1149 1576 1213 αμε·

268 1213 454 1300 τόπτωτος
476 1214 497 1306 5
519 1218 724 1310 συμβλητική
748 1210 937 1340 5555519·
910 1247 962 1290 ων
983 1215 1148 1308 φρόνησίς
1165 1223 1237 1290 ἐστι
1251 1227 1306 1290 καὶ
1322 1219 1496 1312 ἐπιστήμη,
1519 1229 1574 1294 καί

266 1315 342 1400 ἐνὸς
363 1324 419 1388 καί
441 1313 585 1388 ἐκόστου
606 1325 660 1388 καί
682 1315 829 1390 πόντων
851 1324 925 1390 τῶν
945 1323 992 1400 είς
1007 1318 1066 1390 ἐνα
1083 1315 1199 1408 λόγον·
1222 1325 1343 1408 γνῶσις
1358 1324 1394 1391 55
1409 1319 1575 1413 ἐπιστήμη

267 1421 330 1488 τοῦ
352 1409 454 1500 ὄντος
480 1413 587 1490 αῦτοῦ
608 1445 628 1506 η
612 1411 817 1508 ἐπιστήμη
842 1415 1025 1508 σύμφωνος
1051 1435 1124 1500 τοίς
1145 1423 1345 1508 γινομένοις
1367 1415 1514 1510 όλήθειό
1537 1449 1573 1493 τε

266 1511 431 1606 ἐπιστήμη
453 1511 617 1606 ἀληθοῦς,
649 1511 727 1605 555
749 1519 814 1604 ἕξις
840 1523 900 1608 τής
928 1511 1088 1607 ἀληθείας
1110 1516 1275 1608 ἐπιστήμη
1299 1515 1451 1606 ἀληθῶν.
1494 1516 1514 1611 5
1538 1527 1573 1592 δέ
1594 1531 1639 1598 77,
1655 1531 1670 1586 ι

216 1632 249 1687 10
266 1611 431 1706 ἐπιστήμη
460 1615 515 1688 διὰ
548 1621 610 1688 τοῦ
640 1611 745 1705 λόγου
770 1623 969 1688 συνίσταται
992 1615 1091 1688 καί’
1071 1615 1318 1706 αμετόπτωτός
1340 1624 1434 1690 ἐστιν
1453 1631 1456 1704 Ι
1477 1617 1572 1710 όλλῳ
1589 1630 1675 1686 469Ρ

267 1709 370 1804 λόγῳ.
407 1715 628 1800 [ἐνταῦθα
593 1744 658 1805 την
679 1721 807 1804 γνοῦσιν
828 1725 1125 1806 πολυπραγμονε1.]

341 1831 381 1908 Ἀ
402 1842 439 1908 55
459 1837 504 1928 μή
526 1844 700 1926 ποιοῦμεν,
732 1837 809 1928 ήτοι
832 1837 885 1911 διὰ
907 1839 948 1912 τό
969 1840 1014 1930 μὴ
1039 1839 1205 1914 δῦνασθαι
1228 1839 1269 1912 οῦ
1290 1868 1455 1927 ποιουμεν
1474 1869 1495 1932 η
1518 1841 1609 1914 5252

266 1933 307 2006 τό
336 1934 382 2026 μή
413 1933 648 2022 βούλεσθαι
627 1967 646 2026 η
678 1933 725 2011 δι’
751 1935 936 2028 όμφότερα.
978 1935 1039 2028 οῦχ
1069 1937 1242 2030 ίπτόμεθα
1270 1943 1331 2030 μὲν
1354 1933 1425 2019 οῦν,
1456 1941 1609 2032 ἐπειδήδ

265 2027 345 2106 οῦτε
377 2031 550 2124 δυνάμεθα
581 2028 661 2108 οῦτε
691 2034 898 2122 βουλόμεθα
935 2035 977 2110 05
1001 2037 1173 2130 νηχόμεθα
1194 2045 1230 2111 δέ
1252 2035 1331 2128 φέρ’
1355 2039 1505 2112 εἰπεῖν’
1484 2069 1571 2128 αρτι,

215 2153 246 2206 ίῡ
265 2134 380 2224 ἐπειδὴ
403 2131 576 2222 δυνάμεθα
600 2141 642 2224 μ
643 2165 671 2220 ν
703 2133 744 2210 οῦ
769 2135 965 2226 βουλόμεθα
988 2143 1040 2208 δέ·
1077 2133 1140 2210 οῦκ
1160 2141 1258 2230 ἐσμὲν
1277 2135 1363 2210 55‘
1335 2169 1384 2223 ως
1405 2135 1424 2211 ό
1446 2137 1571 2264 κύριος,

264 2233 379 2324 ἐπειδή
401 2229 595 2321 βουλόμεθα
622 2241 693 2324 μέν,
725 2232 766 2306 οῦ
788 2233 964 2326 δυνόμεθα
985 2243 1029 2310 δέ.
1075 2234 1201 2322 »οῦδείς
1227 2237 1290 2328 γὰρ
1311 2237 1466 2330 μαθητής
1486 2236 1609 2362 ῦπέρί

265 2329 328 2404 τόν
350 2330 605 2418 διδόσκαλονᾙ
583 2333 730 2456 αρκετόν
750 2341 786 2406 δέ
808 2335 867 2407 ἐὰν
889 2333 1111 2426 γενώμεθα“
1084 2367 1132 2420 ως
1147 2367 1166 2410 ο
1156 2331 1410 2422 διδόσκαλοςμ
1397 2333 1477 2408 «οῦ
1490 2335 1570 2410 κατ’

264 2429 389 2516 οῦσίαν,
412 2427 627 2505 ἆδῦνατον
605 2435 668 2562 γὰρ
686 2439 761 2508 ἴσον
783 2437 869 2506 εἶναι
891 2435 978 2525 πρὸς
994 2434 1059 2526 τήν
1073 2429 1218 2524 ῦπαρξιν
1233 2465 1274 2508 το
1260 2436 1381 2508 θέσει
1397 2443 1447 2528 τῷ
1464 2435 1570 2524 φῦσει

266 2537 317 2622 τῷ
340 2537 375 2602 δέ
398 2529 525 2616 όιδίους
547 2539 718 2623 γεγονέναι
740 2543 796 2606 καί
819 2535 884 2626 τήν
905 2542 980 2606 τῶν
1001 2527 1118 2608 όντων
1140 2543 1291 2622 θεωρίαν
1313 2507 1497 2624 ἐγνωκέναι
1516 2543 1570 2606 καὶ

212 2647 247 2700 2ο
264 2629 357 2712 υίοῦς
386 2639 682 2722 προσηγορεῦσθαι
711 2643 768 2706 καί
800 2633 862 2705 τόν
892 2629 1074 2721 πατέρα’
1054 2631 1122 2706 απὸ
1154 2641 1228 2706 τῶν
1250 2639 1388 2707 οἰκείων
1413 2641 1570 2723 καθορᾶν

264 2725 381 2818 μόνον.
422 2751 622 2822 προηγεῖται
653 2739 771 2806 τοίνυν
804 2729 950 2805 πόντων
980 2731 1020 2806 τὸ
1051 2733 1246 2816 βούλεσθαι·
1282 2739 1315 2807 αἱ
1347 2733 1408 2824 γὰρ
1439 2743 1607 2823 λογικαίθ

264 2825 419 2916 δυνάμεις
453 2837 516 2902 τοῦ
553 2831 736 2920 βούλεσθαι
773 2830 927 2904 διάκονοι
964 2829 1148 2918 πεφῦκασι·
1196 2839 1324 2909 »θέλει
1364 2841 1510 2922 φησί,
1498 2839 1569 2904 καί

264 2927 404 3051 δυνήση·
410 2959 422 2994 ι
446 2937 509 3002 τοῦ
523 2957 715 3020 γνωστικου
700 2937 766 3002 '55
782 2928 873 3002 καὶ(
853 2961 874 3021 η
889 2929 1047 3022 βούλησις
1060 2927 1152 3004 aaz‘
1132 2961 1153 3052 η
1167 2939 1273 3022 κρίσις
1291 2927 1382 3004 καί
1362 2961 1382 3022 η
1398 2927 1568 3022 ῦσκησιςή

264 3023 359 3118 αῦτή.
394 3027 479 3100 εί
444 3057 506 3120 γαρ
529 3033 562 3102 αί
585 3025 683 3102 αῦταί
699 3035 779 3154 (αλ).
780 3036 971 3118 προθέσεις,
994 3029 1037 3102 τὰ
1059 3027 1146 3103 αῦτᾶ
1166 3039 1221 3102 καί
1243 3061 1286 3104 τα
1273 3028 1451 3122 δογματα
1465 3039 1520 3103 καί
1536 3039 1607 3102 αίθ

211 3141 246 3196 2
263 3133 398 3216 κρίσεις,
430 3134 486 3200 ίνα
508 3121 598 3220 55
572 3155 657 3202 ωσιν
687 3127 780 3220 αῦτῷ
811 3137 867 3202 καὶ
898 3132 929 3200 οί
956 3125 1053 3219 λόγοι
1082 3125 1186 3202 καὶ
1168 3161 1187 3203 ο
1213 3137 1284 3218 βίος
1313 3127 1413 3202 xaz‘
1395 3161 1413 3202 ο
1442 3128 1571 3219 τρόπος

263 3223 451 3300 ἀκόλουθοι
466 3237 509 3319 τῇ
531 3226 695 3302 ἐνστδσει·
728 3235 863 3318 »καρδία
884 3235 919 3300 55
941 3225 1056 3301 εῦθεία
1078 3233 1115 3302 ἐκ
1094 3241 1210 3320 κζητει
1229 3229 1387 3320 γνοόσειςτ
1375 3239 1468 3302 «καί
1490 3235 1570 3302 ἐκεί-

264 3355 336 3398 νων
351 3333 468 3400 ἐπαΐει.
507 3324 544 3400 »5
565 3329 645 3412 θεὸς
667 3333 837 3418 δεδίδαχέν
851 3357 891 3418 με
906 3337 1031 3416 σοφίαν
1052 3337 1107 3400 καί
1130 3336 1258 3419 γνῶσιν
1280 3325 1388 3420 όγίων
1410 3333 1566 3420 ἔγνωκα(

346 3457 461 3525 xv111.
491 3461 684 3542 Προφανείς
705 3459 767 3542 μὲν
788 3445 850 3524 οῦν
872 3459 928 3524 καί
950 3457 1055 3524 πᾶσαι
1070 3457 1135 3542 <αί>
1152 3453 1250 3524 ἄλλαι
1273 3451 1399 3542 όρεταί,
1421 3455 1456 3524 αί
1476 3451 1569 3542 παρὰ
1590 3467 1665 3534 78,1

264 3557 315 3641 τῷ
332 3559 471 3624 Μωυσεῖ
491 3547 787 3644 ἀναγεγραμμέναι,
810 3547 917 3641 ἀρχὴν
931 3545 1069 3641 Ἕλλησι
1090 3553 1222 3638 παντὸς
1242 3559 1304 3626 τοῦ
1321 3549 1444 3644 ήθικοῦ
1459 3550 1570 3624 τόπου

211 3670 246 3724 σε
262 3649 531 3742 παρασχόμεναι,
568 3649 727 3742 ἀνδρείαν
762 3657 849 3742 λέγω
884 3657 939 3722 καὶ
970 3649 1199 3742 σωφροσύνην
1228 3659 1284 3724 καί
1315 3651 1485 3742 φρόνησιν
1514 3659 1568 3722 καὶ

264 3749 480 3842 δικαιοσύνην
505 3759 687 3840 καρτερίαν
713 3779 750 3824 τε
776 3757 830 3822 καί
857 3747 1037 3840 ῦπομονὴν
1061 3759 1117 3822 καί
1140 3751 1205 3842 τήν
1226 3750 1420 3841 σεμνότητα
1440 3757 1498 3824 καὶ
1518 3755 1569 3840 ἐγ-

262 3845 424 3936 κράτειαν
454 3849 519 3942 τήν
546 3881 582 3924 τε
611 3855 667 3924 ἐπὶ
689 3849 827 3934 τούτοις
849 3847 1024 3934 εὐσέβειαν.
1068 3845 1148 3924 ἀλλ’
1171 3847 1191 3942 ή
1213 3857 1275 3940 μὲν
1297 3847 1443 3936 εῦσέβεια
1464 3857 1604 3922 amn

350 4127 393 4184 Η
408 4125 578 4200 παράκειται
596 4134 777 4199 τβ-γνῶσις
794 4129 866 4182 θεον.
887 4129 947 4182 Ρεε.
959 4129 1009 4182 224
1027 4126 1092 4182 Ηοίί
1176 4125 1239 4184 155
1253 4125 1353 4182 Matth.
1366 4127 1406 4194 10,
1418 4127 1484 4190 2ἐίς
1503 4125 1570 4182 Luk.

262 4213 340 4272 (ΗΟ
420 4213 734 4284 22rv31.50h.=·›,6;
764 4211 1002 4282 Mark.1‚40(‘?)
1083 4211 1123 4268 25
1141 4211 1220 4266 Prov.
1237 4213 1278 4278 27,
1295 4211 1351 4266 2ίε
1432 4209 1569 4266 27Prov.

263 4297 304 4360 24,
321 4297 355 4352 26
373 4299 424 4360 (30,
442 4299 469 4367 3)

347 4547 424 4618 θτε]
442 4545 471 4604 δέ
489 4547 521 4602 St
602 4547 638 4604 11
658 4541 1085 4618 [ἐνταῦθα-πολυπραγμονεῖ]
1105 4545 1143 4600 Po
1225 4545 1263 4601 18
1281 4549 1321 4618 τῷ
1338 4544 1368 4598 in
1387 4542 1450 4600 Ru.
1468 4545 1502 4598 L¹

264 4631 302 4686 1θ
324 4631 419 4704 τῷθγ
441 4630 514 4688 τδῐι
590 4631 630 4688 24
654 4627 776 4698 <amin
854 4629 893 4684 20
915 4625 1070 4684 ἀκόλουθοι
1091 4629 1124 4682 Ιιῑ
1150 4625 1367 4693 δπδλουθοςίι*
1449 4630 1488 4686 25
1512 4627 1568 4696 (αίΙ

262 4715 382 4770 ίεὼοιι
400 4747 413 4771 .
462 4717 501 4772 29
519 4715 610 4772 τδπου
628 4717 660 4770 L*
678 4715 787 4788 τρόπον
805 4713 840 4768 L*
