3704 5530
611 569 749 624 stromat·
768 569 812 624 ιι.
834 569 899 641 στρ.
912 569 957 623 x1.
975 569 1017 634 εε,
1029 569 1120 634 ε-ει,
1133 569 1157 622 ε.
1470 572 1530 633 ιιι

226 734 338 826 όμέλει
364 743 419 805 καί
441 731 533 820 παρά
556 729 668 804 πότον
689 731 763 822 (τό)
786 729 930 818 ψάλλειν
951 728 1113 822 άλλήλοις
1134 737 1361 820 προπίνσμεν,
1383 727 1530 820 κατεπά-
1548 739 1626 808 00,1

225 842 343 918 δοντες
380 829 476 924 ἡμῶν
513 831 553 906 τό
590 829 838 922 ἐπιθυμητικὸν
872 839 927 904 καί
959 831 1022 904 τόν
1056 829 1141 904 θεὸν
1172 827 1373 918 δοξάζοντες
1403 833 1457 900 ἐπὶ
1487 836 1531 918 τῇ

224 931 373 1022 άφθόνῳ
401 939 476 1004 τῶν
503 929 734 1024 άνθρωπείων
759 929 980 1006 ἀπολαύσεων
1007 936 1117 1024 δωρεᾷ
1148 937 1221 1002 τῶν
1246 959 1283 1002 τε
1310 935 1357 1012 είς
1383 927 1448 1020 τὴν
1468 935 1532 1000 τοῦ

226 1037 382 1124 στόματος
404 1039 478 1104 τῶν
502 1059 539 1104 τε
561 1033 665 1116 είς
629 1061 694 1124 την
715 1037 776 1122 τῆς
796 1035 906 1121 φυχῆς
927 1021 1066 1120 αόξησιν
1087 1037 1232 1118 τροφῶν
1247 1025 1364 1112 άιδίως
1371 1032 1532 1148 ἐπιχορη-

193 1141 405 1224 ογηθεισῶν.
447 1131 590 1222 περιττὴ
611 1137 646 1204 δὲ
668 1131 808 1222 μουσικὴ
832 1125 1093 1204 άποπτυστέα“
1073 1159 1094 1219 η
1115 1135 1319 1201 κατακλῶσα
1341 1126 1404 1210 τάς
1425 1126 1569 1217 φυχάςθ

226 1243 281 1306 καί
304 1240 351 1316 είς
374 1237 544 1304 ποικιλίαν
565 1227 775 1320 ἐμβάλλουσα
797 1237 937 1302 τοτέἐ
898 1259 921 1319 μ
940 1259 959 1302 ν
981 1229 1157 1318 θρηνῶδη,
1181 1235 1260 1300 τοτέ
1282 1223 1534 1300 δέάκόλαστον

227 1343 280 1407 καί
309 1329 483 1423 ἡδυπαθῆ,
516 1337 657 1402 τοτέδέ
684 1335 969 1419 ἐκβακχευσμένην
989 1335 1044 1400 καί
1070 1327 1223 1420 μανικὴν.
1266 1323 1411 1412 όαῦτός
1433 1325 1570 1416 λόγοςσ

228 1441 283 1504 καί
305 1439 381 1522 περὶ
404 1425 642 1519 άστρονομίας·
679 1425 765 1518 αῦτη
787 1426 859 1520 γάρ,
881 1427 964 1518 μετὰ
987 1427 1053 1520 τὴν
1075 1435 1148 1500 τῶν
1170 1435 1363 1518 μεταρσίων
1385 1431 1537 1514 ίστορίαν

227 1541 304 1620 περί
341 1561 377 1602 τε
412 1528 582 1650 σχηματος
613 1535 677 1602 τοῦ
712 1526 843 1610 παντὸς
877 1535 934 1599 καί
970 1535 1079 1616 φορᾶς
1115 1524 1264 1616 ούρανοῦ
1294 1533 1355 1616 τῆς
1389 1555 1427 1596 τε
1463 1535 1537 1599 τῶν

179 1649 212 1702 10
229 1632 369 1720 ἄστρων
390 1627 555 1719 κινήσεως
576 1635 819 1718 πλησιαίτερον
840 1635 882 1718 τῇ
904 1625 1063 1716 κτιζσύση
1084 1624 1221 1716 δυνάμει
1241 1623 1457 1715 προσάγουσα
1473 1625 1538 1716 τὴν

230 1729 349 1822 ηυχήν,
381 1725 593 1818 εύαισθὴτως
624 1732 710 1816 ἐχειν
741 1725 886 1802 διδάσκει
917 1723 1022 1816 ῶρῶν
1047 1731 1178 1810 ἐτείων,
1209 1721 1323 1816 άέρων
1342 1732 1537 1816 μεταβολῆς,

230 1827 450 1904 ἐπιτολῶν”
430 1851 582 1916 αστρων·
613 1831 686 1899 ἐπεί
715 1835 771 1898 καί
802 1833 957 1900 ναυτιλία
982 1835 1037 1898 καί
1065 1833 1209 1917 γεωργία
1238 1831 1299 1916 τῆς
1320 1821 1389 1896 άπό
1412 1824 1538 1916 ταύτης

228 1938 338 2022 χρείας
368 1925 607 2018 πεπλήρωται,
637 1925 795 2015 καθάπερ
823 1932 885 2016 τῆς
910 1935 1114 2018 γεωμετρίας
1142 1921 1397 2014 όρχιτεκτονικὴ
1424 1931 1537 1996 τεκαὶ

230 2025 436 2120 οἰκοδομική.
478 2026 828 2117 παρακολουθητικίγν
857 2023 889 2095 δ’
913 2023 961 2110 ῶς
991 2027 1041 2098 ἔνι
1070 2023 1215 2114 μάλιστα
1245 2023 1310 2114 τὴν
1341 2023 1452 2114 φυγὴν
1481 2032 1575 2096 καλε

181 2147 213 2200 15
232 2133 335 2198 τοῦτο
358 2123 601 2214 παρασκευάζει
629 2125 670 2198 τό
697 2125 835 2216 μάθημα
857 2133 919 2198 τοῦ
943 2155 979 2198 τε
1002 2121 1155 2216 άληθοῦς
1178 2125 1375 2216 διορατικὴν
1395 2129 1449 2198 καί
1474 2131 1538 2196 τοῦ

232 2225 375 2308 ψεύδους
397 2223 640 2316 διελεγκτικήν,
672 2221 866 2316 ὁμολογιῶν
887 2255 924 2298 τε
945 2233 1002 2298 καί
1023 2222 1220 2312 άναλογιῶν
1243 2221 1425 2314 εύρετικήν,
1449 2222 1537 2295 ὥστε

231 2335 268 2397 ἐν
300 2345 372 2409 τοις
402 2321 578 2416 ἀνομοίοις
609 2323 650 2396 τό
682 2319 802 2416 όμοιον
832 2331 955 2414 θηρᾶν,
986 2321 1097 2414 ἐνάγει
1123 2352 1161 2394 τε
1183 2319 1269 2412 ἡμᾶς
1290 2329 1347 2394 ἐπί
1360 2319 1409 2392 Ιτό
1432 2319 1541 2410 εύρειν

232 2423 381 2508 άτλατές
401 2431 509 2516 μῆκος
530 2433 585 2495 καί
608 2421 811 2511 ἐπιφάνειαν
831 2420 943 2510 άβαθῆ
966 2430 1021 2494 καί
1043 2441 1181 2514 σημείου
1203 2420 1321 2512 άμερές
1342 2429 1397 2494 καί
1419 2427 1474 2494 ἐπί
1497 2423 1540 2494 τά

234 2525 340 2614 νοητά
361 2519 629 2612 μετατίθησιν’
609 2521 677 2596 από
698 2529 771 2594 τῶν
794 2527 980 2644 αἰσθητῶν.

181 2639 215 2692 20
314 2623 469 2712 Συνεργά
492 2631 612 2694 τοίνυν
633 2630 837 2710 φιλοσοφίας
858 2621 900 2693 τά
921 2619 1106 2712 μαθήματα
1127 2628 1182 2692 καί
1201 2619 1286 2710 αύτὴ
1309 2617 1330 2710 6
1353 2631 1540 2710 φιλοσοφία
1557 2633 1606 2695 01,
1620 2633 1634 2688 1

233 2727 278 2804 είς
302 2721 342 2792 τό
363 2729 440 2810 περί
463 2716 626 2810 άληθείας
647 2728 825 2808 διαλαβεῖν.
856 2715 1019 2793 αῦτίκα’
999 2749 1020 2810 η
1041 2721 1168 2811 χλαμῦς
1189 2717 1299 2804 πόκος
1321 2712 1364 2810 ἦν
1384 2719 1426 2792 τό
1449 2728 1540 2807 πρῶ-

234 2850 306 2899 τον
337 2823 410 2892 είτα
437 2819 565 2910 ἐξάνθη
593 2819 699 2910 κρόκη
728 2847 764 2892 τε
790 2825 923 2910 ἐγένετο
949 2827 1005 2890 καί
1031 2817 1180 2911 στήμων,
1211 2828 1266 2892 καὶ
1289 2819 1369 2894 τότε
1390 2817 1540 2911 ῦφάνθη.

233 2927 623 3010 προπαρασκευασθῆναι
658 2928 776 2993 τοίνυν
811 2921 876 3010 τὴν
906 2920 1017 3010 ψυχὴν
1049 2929 1106 2992 καὶ
1137 2928 1303 3002 ποικίλως
1333 2925 1576 3010 ἐργασθῆναιο

232 3017 308 3110 χρή,
341 3025 369 3091 εί
395 3027 511 3110 μέλλοι
543 3017 662 3111 άρίστη
692 3017 1014 3106 κατασκευάζεσθαι,
1046 3023 1117 3091 ἐπεὶ
1145 3025 1206 3109 τῆς
1232 3013 1395 3108 άληθείας
1417 3017 1458 3092 τό
1479 3027 1541 3110 μέν

183 3137 216 3190 ‘25
235 3125 304 3191 ίστι
327 3117 527 3208 γνωστικόν,
561 3119 602 3191 τό
624 3127 660 3192 δέ
681 3115 870 3210 ποιητικόν,
901 3117 1062 3208 ἐρρύηκεν
1083 3123 1119 3190 δὲ
1141 3115 1211 3190 άπὸ
1232 3125 1296 3191 τοῦ
1318 3126 1540 3208 θεωρητικοῦ,

236 3224 340 3290 δεῖται
363 3225 399 3290 δε
420 3215 590 3310 ἀσκήσεως
611 3227 667 3290 καί
689 3225 929 3308 συγγυμνασίας
949 3224 1081 3307 πολλῆς
1102 3225 1157 3288 καὶ
1172 3222 1350 3308 ἐμπειρίας.
1386 3215 1472 3291 άλλά
1486 3229 1541 3290 καί
1561 3235 1579 3290 0

237 3327 299 3390 τοῦ
320 3325 536 3406 θεωρητικοῦ
563 3318 604 3390 τὸ
632 3325 694 3410 μέν
715 3327 749 3390 τί
774 3323 845 3390 ἐστι
866 3317 952 3406 πρὸς
977 3315 1057 3401 τοῦς
1084 3325 1088 3406 Ι
1115 3325 1233 3401 πέλας,
1264 3317 1306 3390 τό
1328 3315 1414 3389 δέ“
1386 3349 1434 3402 ως
1455 3318 1542 3406 πρὸς
1561 3335 1643 3392 7800

237 3417 350 3490 αύτόν.
397 3415 517 3506 διόπερ
547 3427 604 3489 καί
634 3419 699 3510 τὴν
728 3421 886 3490 παιδείαν
916 3411 1027 3500 σῦτως
1054 3417 1117 3509 χρὴ
1147 3415 1421 3502 συνεσκευάσθαι,
1454 3415 1542 3490 ῶστε

237 3516 443 3608 άμφοτίροις
465 3515 681 3608 ἐνηρμόσθαι
717 3519 828 3588 ἔνεστι
849 3523 910 3606 μὲν
931 3508 993 3588 οῦν
1015 3511 1194 3606 αύτόρκως
1215 3515 1258 3588 τά
1276 3517 1454 3588 συνεκτικὰ
1470 3546 1544 3588 των
1563 3538 1581 3594 4

186 3630 220 3682 30
236 3617 322 3708 πρὸς
352 3623 481 3708 γνῶσιν
512 3613 694 3704 φερόντων
723 3613 920 3708 ἐκμαθόντα
950 3613 1007 3704 ἐφ’
1031 3612 1165 3706 ἡσυχίας
1193 3623 1256 3688 τοῦ
1282 3623 1406 3690 λοιποῦ
1431 3623 1545 3706 μένειν

237 3714 529 3806 άναπεπανμένον,
560 3715 819 3790 κατευθύνοντα
846 3716 907 3796 τάς
932 3713 1068 3804 πράξεις
1093 3714 1180 3802 πρὸς
1201 3715 1267 3806 τὴν
1288 3724 1453 3804 θεωρίαν·
1491 3717 1582 3793 διάε

239 3823 274 3888 δὲ
296 3817 360 3906 τὴν
382 3824 457 3890 τῶν
478 3823 584 3901 πέλας
607 3815 776 3904 ῶφίλειαν
803 3823 878 3887 τῶν
898 3821 961 3905 μὲν
981 3819 1036 3886 ἐπί
1060 3813 1101 3887 τό
1123 3813 1268 3904 γράφειν
1290 3819 1441 3904 ίεμένων,
1474 3823 1547 3888 τῶν

238 3923 275 3988 δέ
299 3921 353 3986 ἐπί
381 3915 423 3988 τὸ
449 3915 674 4004 παραδιδόναι
705 3921 944 4004 στελλομένων
975 3915 1038 3986 τὸν
1064 3911 1170 4004 λόγον
1192 3911 1213 4006 6
1236 3945 1272 3988 τε
1299 3914 1385 4002 άλλη
1411 3921 1547 3986 παιδεία

238 4015 396 4106 χρήσιμος
424 4012 444 4104 6
470 4043 507 4086 τε
535 4023 608 4087 τῶν
635 4021 781 4104 γραφῶν
803 4021 877 4086 τῶν
896 4021 1070 4104 κυριακῶν
1092 4011 1284 4104 άνόγνωσις
1305 4017 1352 4098 είς
1373 4011 1547 4102 άπόδειξιν

325 4219 366 4275 ιι
382 4217 436 4290 ιςι.
456 4218 539 4276 ειεο.
559 4220 581 4272 ιι
600 4221 642 4286 ιι,
662 4221 719 4274 τε

327 4395 340 4449 l
364 4392 505 4462 καί-,ιδ
544 4392 663 4462 ψάλλειν
687 4393 765 4446 schw
790 4391 1040 4462 καί-ψάλλοντες
1064 4391 1160 4447 [ιοσίίι
1192 4394 1242 4448 καί
1270 4387 1315 4457 ςέν
1332 4389 1549 4463 αξη-ψάλλειν

240 4477 279 4532 Ρο
364 4477 410 4533 Η
433 4475 695 4549 ίπιχσρηγηθεισῶν
718 4477 805 4548 Heyse
836 4473 1118 4548 ἐπιχορηγηθῆναιῐι
1210 4477 1247 4533 ll
1277 4475 1375 4532 ἐτείων
1392 4477 1429 4544 Sy
1452 4473 1550 4532 αίτίωκ

241 4561 277 4614 L·
303 4557 385 4616 ἐιίοιν
412 4561 446 4616 ίθ
477 4559 549 4618 ἐτῶν
578 4563 716 4630 Βοσίτοετ,
739 4561 848 4628 Quaen&
871 4559 943 4615 Ρίυί.
967 4561 1005 4614 ίίί
1039 4579 1064 4632 ρ.
1090 4563 1124 4616 40
1214 4563 1251 4617 12
1285 4557 1416 4628 ἐπιτσλῆς
1441 4561 1477 4630 Sy

243 4725 257 4784 ἐ
275 4647 310 4701 21
330 4644 440 4716 χλαμὺς
457 4647 548 4712 ιιδκος
565 4665 633 4702 corr.
652 4663 700 4702 aun
717 4643 838 4716 χλαμύσι
856 4643 941 4710 τδκος
958 4663 991 4700 τι.
1008 4663 1031 4702 ε.
1043 4645 1099 4701 sch.
1117 4645 1152 4700 λδ
1233 4647 1273 4702 22
1292 4641 1398 4714 ἐξόνθη
1416 4660 1483 4700 οσιτ.
1502 4661 1550 4699 σοι

257 4733 347 4798 ξανθῇ
366 4731 401 4786 11³
