3772 5532
543 519 682 577 summata
699 519 733 574 11.
755 518 819 590 cap.
832 517 891 572 τοι.
910 519 951 586 53,
963 518 1077 590 2—Gap.
1089 517 1162 572 xm.
1180 521 1221 586 τι,
1234 521 1258 576 3.
1492 530 1550 592 τις

245 683 292 768 ώς
323 709 425 776 φησιν
453 679 637 774 όΠοιμῆν,
672 678 794 770 »ἀρετὴ
820 677 841 770 ἡ
868 688 980 764 πίστις
1005 685 1090 768 ἐστί,
1123 677 1168 752 δι’
1194 673 1230 772 ῆς
1257 679 1426 774 σώζονται
1447 683 1478 754 οί
1500 687 1551 755 έκ-

245 792 359 858 λεειτοί
389 789 451 856 τοῦ
481 789 578 854 θεοῦ·
616 779 636 872 ἦ
667 787 702 855 δέ
737 776 956 871 ἀνδριζομένη
986 778 1170 872 ἐγκράτεια.
1223 780 1339 854 ίπεται
1370 777 1402 855 δ’
1433 779 1551 866 αῦταῑς

244 880 411 972 ἀπλότης,
441 877 619 972 ἐπιστήμη,
652 877 786 966 ἀκακία,
818 875 992 970 σεμνότης,
1025 877 1147 970 ἀγάπη.
1190 887 1294 954 πᾶσαι
1316 887 1352 953 δέ
1374 874 1473 955 αῦται
1494 891 1548 955 πί-

242 983 349 1064 στεώς
371 987 432 1053 είσι
454 986 661 1070 θυγατέρεςι
700 986 754 1052 καὶ
769 977 886 1052 πάλιν·
913 998 1129 1070 »προηγεῖται
1143 985 1205 1070 μὲν
1219 989 1341 1066 πίστις,
1364 978 1470 1070 φόβος
1489 993 1494 1068 Ι
1514 991 1549 1056 δὲ
1567 999 1586 1056 4
1605 1001 1684 1058 1668

208 1087 426 1172 ὀοίκοδομετ,
458 1091 585 1152 τελειοτ
604 1086 639 1151 δὲ
662 1074 682 1169 ῆ
704 1075 842 1170 ἀγόπηπ
891 1085 1081 1169 »φοβητέον
1103 1071 1165 1152 οῦν
1187 1079 1251 1152 τὸν
1270 1079 1420 1170 κόριον»,
1451 1089 1549 1171 λέγει,

245 1185 309 1266 »είς
339 1177 531 1270 οἰκοδομήν,
563 1175 639 1252 ἀλλ’
662 1175 703 1250 οῦ
733 1176 797 1250 τόν
827 1174 988 1264 διάβολον
1018 1184 1064 1262 εἰς
1089 1179 1358 1271 καταστροφῆνπ
1405 1185 1585 1271 ἔμπαλινσ

241 1288 288 1354 δέ·
322 1280 383 1352 »τὰ
405 1286 466 1369 μὲν
487 1282 568 1368 ἔργα
589 1284 653 1350 τοῦ
673 1286 809 1367 κυρίου,
836 1285 992 1350 τουτέστι
1014 1277 1075 1362 τὰς
1097 1275 1254 1363 έντολάς,
1276 1275 1472 1371 ἀγαπητέον
1493 1289 1549 1354 καί

242 1387 414 1471 ποιητέον,
438 1377 482 1450 τά
504 1384 540 1450 δὲ
563 1381 642 1466 ἔργα
664 1384 727 1450 τοῦ
749 1374 909 1464 διαβόλου
931 1383 1102 1467 φοβητέον
1123 1384 1179 1448 καί
1200 1374 1242 1450 ου’
1255 1385 1431 1468 ποιητέον·
1454 1375 1549 1471 ὁμέν

242 1481 304 1570 γὰρ
327 1486 390 1554 τοῦ
412 1484 497 1551 θεοῦ
527 1476 634 1564 φόβος
664 1475 813 1549 παιδεύει
844 1489 898 1548 καί
929 1481 975 1560 είς
1002 1473 1138 1568 ἀγάπην
1161 1475 1440 1568 ἀποκαθίστησιν,
1471 1475 1548 1552 όδὲ

190 1593 223 1648 10
242 1587 316 1654 τῶν
337 1585 401 1651 τοῦ
423 1574 582 1666 διαβόλου
604 1581 712 1666 ἔργων
737 1593 832 1664 μίσος
859 1580 923 1665 ἔχει
950 1575 1134 1650 σύνοικον.»
1181 1573 1200 1650 ό
1223 1581 1258 1650 δὲ
1281 1574 1384 1662 αῦτὸς
1405 1587 1460 1650 καί
1483 1579 1585 1670 τῆνβ

242 1676 426 1770 μετάνοιαν
460 1677 627 1749 »σῦνεσινι
662 1674 747 1746 είναί
777 1697 858 1765 φησι
892 1673 1069 1766 »μεγάλην
1104 1685 1285 1768 μετανοῶν
1315 1677 1378 1767 γὰρ
1408 1674 1465 1767 ἐφ’
1496 1679 1548 1762 οίς

241 1781 380 1866 ἔδρασεν
410 1773 524 1849 οῦκέτι
553 1795 646 1848 ποιεῖ
674 1770 696 1865 ῆ
727 1781 827 1864 λέγει,
857 1783 1046 1863 βασανίζων
1076 1783 1112 1848 δὲ
1142 1773 1199 1864 ἐφ’
1226 1777 1277 1860 οίς
1308 1773 1454 1868 ἥμαρτεν
1484 1777 1548 1868 τῆν

241 1881 364 1950 ἑαυτοῦ
393 1875 506 1966 ψυχὴν
540 1871 765 1965 ἀγαθοεργετ.»
823 1872 958 1962 »ἀφεσις
994 1881 1113 1948 τοίνυν
1148 1873 1332 1966 ἀμαρξτιών
1367 1887 1548 1968 μετανοίας
1565 1894 1649 1952 4⁶9?

241 1983 399 2064 διαφέρει,
422 1975 524 2066 ἀμφω
546 1980 582 2046 δὲ
603 1980 748 2046 δείκνυσι
771 1972 814 2046 τό
836 1969 892 2062 ἐφ’
917 1972 1019 2064 ἡμίνπ

188 2099 221 2152 15
323 2081 407 2149 XIII.
453 2072 518 2145 Τόν
557 2065 620 2145 οῦν
660 2069 825 2162 εἰληφότα
864 2071 929 2163 τῆν
964 2073 1086 2162 ἄφεσιν
1122 2083 1195 2148 τών
1228 2072 1405 2166 ἀμαρτιών
1434 2072 1547 2150 οῦκέτι
1565 2095 1638 2164 δαί

240 2173 447 2266 ἀμαρτάνειν
476 2169 546 2262 χρή.
590 2176 644 2244 ἐπὶ
675 2171 736 2262 γὰρ
758 2179 801 2262 τῇ
822 2173 944 2261 πρώτη
971 2181 1026 2246 καί
1053 2170 1141 2264 μόνη
1167 2186 1329 2270 μετανοίᾳ
1351 2184 1424 2248 τών
1446 2171 1548 2267 ἀμαρ-

241 2283 327 2349 τιιῦν
348 2267 447 2364 (αῦτη
471 2271 514 2344 ἀν
536 2276 586 2362 είη
609 2279 682 2342 τών
703 2269 1001 2362 προϋπαρξάντων
1022 2273 1110 2346 κατὰ
1133 2275 1196 2348 τόν
1218 2275 1360 2348 έθνιιιὸν
1381 2284 1438 2348 καί
1455 2283 1548 2366 πρῶ·

240 2405 304 2448 τον
332 2383 421 2460 βίον,
458 2371 522 2446 τόν
552 2376 590 2443 έν
624 2367 745 2463 ἀγνοίᾳ
780 2377 881 2460 λέγω)
918 2367 1037 2444 αὐτίκα
1075 2391 1147 2458 τοῖς
1181 2387 1335 2465 κληθετσι
1371 2373 1548 2464 πρόκειται

240 2470 399 2565 μετάνοια
421 2467 442 2562 ἡ
464 2477 674 2560 καθαίρουσα
705 2469 767 2542 τὸν
797 2467 908 2542 τόπον
939 2477 999 2562 τῆς
1030 2479 1137 2563 ψυχῆς
1166 2470 1235 2546 ἀπὸ
1262 2482 1335 2547 τών
1357 2486 1547 2566 πλημμελη-

57 2581 61 2588 ’
187 2571 369 2663 νομότων,
392 2573 447 2644 ίνα
470 2567 490 2662 ῆ
512 2579 625 2654 πίστις
641 2577 846 2661 θεμελιωθῆ.
880 2572 1190 2662 »καρδιογνώστηςι
1209 2566 1583 2664 δὲάνόκῦριοςκαλθ

239 2673 282 2744 τό
312 2677 483 2762 μέλλοντα
513 2669 764 2760 προγινώσκων
794 2667 835 2742 τό
867 2699 904 2740 τε
935 2668 1163 2760 εῦμετόβολον
1189 2679 1252 2744 τοῦ
1275 2670 1468 2760 ἀνθρώπου
1489 2681 1545 2744 καὶ

240 2769 282 2844 τό
312 2777 526 2857 παλίμβολον
555 2777 611 2840 καὶ
641 2776 836 2858 πανοῦργον
867 2775 929 2840 τοῦ
951 2768 1113 2856 διαβόλου
1135 2769 1274 2844 ἀνωθεν
1295 2769 1445 2862 ἀρχῆθεν
1465 2801 1546 2862 προ·

239 2875 339 2954 εῑδεν,
376 2865 424 2953 ώς
455 2870 608 2958 ζηλώσας
637 2873 693 2942 ἐπὶ
723 2877 766 2958 τῇ
796 2865 912 2958 ἀφέσει
942 2876 1016 2940 τών
1050 2865 1226 2959 ἁμαρτιῶν
1263 2871 1327 2942 τὸν
1356 2871 1545 2960 ἄνθρωπον

239 2977 484 3058 προστρίψεταί
506 2999 602 3052 τινας
624 2975 734 3050 αίτίας
756 2976 829 3040 τών
850 2963 1104 3059 ἀμαρτημάτων
1125 2987 1199 3054 τοῖς
1221 2972 1355 3054 δοῦλοις
1374 2977 1437 3044 τοῦ
1452 2979 1544 3055 θεοῦ,

186 3089 221 3144 25
240 3077 416 3160 φρονίμως
445 3063 731 3158 πονηρευόμενος,
763 3061 858 3151 ὅπως
890 3067 930 3158 δῆ
963 3077 1016 3140 καί
1048 3068 1144 3142 αὐτοί
1175 3077 1413 3144 συνεκπέοοιεν
1440 3069 1544 3164 αὐτῷ.

239 3172 366 3240 ἔδωκεν
396 3159 458 3240 οῦν
487 3167 596 3256 ἀλλην
626 3169 676 3239 ἔτι
703 3187 775 3250 τοῖς
801 3165 866 3241 κάν
888 3175 930 3258 τῆ
952 3176 1063 3240 πίστει
1084 3176 1326 3256 περιπίπτουσί
1348 3199 1416 3244 τινι
1436 3184 1544 3262 πλημ·
1562 3193 1640 3260 Bm

237 3265 402 3359 μελῆματι
423 3273 609 3349 πολυέλιος
631 3259 683 3338 ι’ῦν
704 3265 889 3358 μετάνοιαν
910 3273 1081 3358 δευτέραν,
1104 3263 1160 3352 ἵν’,
1183 3273 1286 3354 εἴτις
1307 3273 1543 3360 έκπειρασθείη

237 3367 322 3456 μετὰ
353 3367 418 3458 τῆν
446 3372 579 3456 κλῆσιν,
610 3374 759 3451 βιασθείς
782 3372 817 3438 δὲ
843 3373 898 3438 καί
930 3375 1208 3456 κατασοφισθείς,
1239 3375 1320 3454 μίαν
1349 3372 1400 3442 ἔτι
1429 3369 1544 3460 »μετά-

239 3495 338 3539 νοιαν
359 3461 612 3557 ἀμετανόητον»
639 3462 732 3554 λάβη.
771 3467 951 3550 »ἑκουσίως
973 3465 1035 3556 γὰρ
1057 3461 1327 3556 ἀμαρτανόντων
1350 3465 1446 3560 ἡμῶν
1460 3471 1581 3560 μετάθ

186 3583 221 3638 ³0
240 3565 280 3638 τό
302 3575 414 3652 λαβεῖν
437 3565 500 3650 τὴν
522 3569 707 3655 ἐπίγνωσιν
734 3571 795 3654 τῆς
822 3560 996 3655 ἀληθείας,
1028 3563 1141 3638 οῦκέτι
1162 3573 1239 3655 περὶ
1261 3563 1438 3656 ἀμαρτιών
1459 3567 1544 3644 ἀπο·

239 3671 389 3738 λείπεται
425 3672 543 3750 θυσία,
580 3663 708 3752 φοβερὰ
740 3671 777 3736 δέ
804 3693 857 3748 τις
892 3665 1012 3755 ἐκδοχὴ
1046 3673 1188 3752 κρίσεως
1222 3676 1278 3738 καὶ
1305 3668 1412 3757 πυρός
1443 3677 1545 3760 ζῆλος

238 3769 364 3836 ἐσθίειν
388 3769 575 3854 μέλλοντος
602 3763 682 3848 τοῦς
703 3762 954 3845 ῦπεναντίους.«
1000 3769 1034 3836 αί
1056 3771 1091 3837 δὲ
1113 3786 1259 3855 συνεχεῖς
1280 3775 1335 3840 καί
1356 3765 1581 3858 έπάλληλοισ

322 3951 415 4008 ῦ·1ίλ
438 3949 493 4022 νςί.
511 3949 603 4006 Μαοδ.
622 3950 672 4004 v11
693 3955 759 4006 1-4
840 3951 1139 4022 10—18vgl.uand‚
1159 3953 1195 4006 IV
1214 3955 1273 4016 2,2
1355 3955 1468 4011 18-29
1487 3953 1542 4024 vgl.

237 4035 329 4092 Hand.
348 4035 384 4090 IV
403 4035 517 4100 3,1-6
596 4035 636 4091 2⁰
658 4036 714 4106 τρὶ.
732 4037 792 4091 Aah
813 4039 852 4097 15.
870 4036 888 4092 8
968 4035 1031 4092 281
1053 4035 1210 4106 μετάνοιαν
1235 4034 1432 4109 ἀμετανόητον
1450 4057 1499 4092 τοι
1518 4039 1542 4091 ΙΙ

238 4119 300 4174 Κατ.
320 4123 348 4186 λ,
367 4121 400 4176 10
485 4117 600 4176 29-82
628 4119 710 4177 Hebr.
730 4122 770 4188 10,
787 4121 844 4176 26ί
858 4119 921 4188 (λετ.
934 4121 975 4187 26,
988 4124 1031 4183 11)
1112 4121 1347 4190 ⁸2-s.144,22
1377 4123 1542 4193 τρίβεται.

236 4203 385 4258 nand.1v
408 4205 423 4260 ³
506 4203 748 4272 82-s.144‚4
776 4201 806 4261 αί
834 4197 1085 4276 σιπεχείς-αῦθις
1109 4223 1135 4260 u.
1168 4206 1193 4262 S.
1216 4205 1288 4274 144,
1311 4207 1375 4264 191
1402 4205 1542 4278 μελέτη-

235 4285 408 4358 δνασκησίας
425 4288 497 4344 Suet.
517 4289 577 4344 Par.
595 4291 643 4346 221
663 4289 729 4344 Holl

323 4439 358 4494 ll
388 4437 500 4496 σῦνεσιν
525 4441 545 4508 (ι
567 4439 596 4492 in
618 4439 683 4494 Βεε.
706 4441 749 4495 ίῦτ
771 4441 787 4494 2
809 4439 931 4508 Βαοίεεί.)
958 4440 979 4494 L
1060 4441 1122 4496 ίθί
1145 4435 1303 4512 ἁμαρτιῶν]
1330 4437 1543 4514 ἁμαρτημάτων

236 4523 284 4578 Mu
363 4523 402 4580 24
429 4525 638 4596 προστρίυεται
660 4525 692 4580 st
717 4524 927 4598 προοιρίφηται
952 4525 973 4578 L
1054 4525 1092 4580 26
1114 4519 1155 4580 ἔτι
1177 4525 1280 4596 θοςεπε
1301 4541 1335 4582 το
1358 4525 1424 4592 QDS
1450 4545 1474 4598 p.
1493 4529 1542 4582 341

235 4605 322 4746 έῗίεί,
376 4608 440 4745 PR?
464 4601 502 4663 ‘lv’
519 4608 610 4664 umbe
629 4608 701 4678 ῆνίι
783 4609 822 4665 28
846 4605 895 4678 [δὲ]
913 4607 980 4664 οδες
996 4625 1027 4665 τε
1045 4608 1079 4664 Di
1102 4612 1134 4680 θη
1152 4610 1192 4666 Ρο
1273 4612 1312 4667 82
1333 4611 1393 4682 καί]
1411 4619 1442 4676 -ί-
1460 4605 1544 4668 ἄλλαι

236 4711 254 4746 α
302 4709 356 4747 τοι.
397 4709 435 4746 ατ.
