3784 5532
537 519 676 575 stromata
694 521 713 574 1.
736 521 799 592 Cap.
813 521 910 578 XXIV.
928 522 986 590 163,
999 523 1112 594 Ι-Οερ.
1125 521 1210 576 XXV.
1229 521 1286 588 106,
1299 523 1322 578 1.
1524 523 1581 588 103

489 677 579 772 ὄφρα
601 689 673 774 θεῷ
696 681 843 776 δεκάτην
863 682 1046 772 ἇκροθίνιό
1069 715 1105 757 τε
1127 681 1349 774 κρεμόσαιμεν

488 789 653 872 σταθμῶν
673 786 711 856 έκ
734 791 869 871 ζαθέων
889 793 945 858 καί
964 793 1079 868 κίονος
1101 781 1256 876 ύφηλοιο.
1362 853 1365 862 ,

277 943 454 1022 Ἀπόλλων
475 955 591 1038 μέντοι
612 956 781 1038 μυστικῶς
805 949 893 1024 κατὰ
916 957 1072 1040 στέρησιν
1095 957 1168 1022 τῶν
1190 957 1333 1024 πολλῶν
1357 947 1539 1039 νοούμενυς
1562 941 1581 1018 ὁ

278 1049 324 1132 είς
346 1055 418 1120 έστι
441 1046 529 1132 θεός.
573 1045 645 1122 ἀλλ’
669 1041 731 1121 σύν
758 1047 798 1122 τὸ
820 1055 887 1170 πῦρ
909 1049 1076 1122 έκεινο
1041 1080 1081 1124 το
1104 1049 1214 1134 έοικὸς
1236 1047 1350 1140 στύλῳ
1372 1056 1428 1120 καὶ
1450 1054 1517 1136 πῦρ
1541 1045 1619 1120 τὸί

242 1147 331 1222 ι’)διά
357 1145 465 1236 βάτου
491 1143 702 1238 σύμβολόνέ
704 1171 758 1220 στι
785 1149 904 1238 φωτός
925 1145 1023 1240 ἆγίου
1045 1157 1108 1222 τοῦ
1130 1157 1365 1234 διαβαίνοντος
1387 1153 1424 1220 ἐκ
1446 1154 1506 1238 γῆς
1527 1153 1581 1218 καὶ

278 1245 527 1336 ἀνατρέχοντος
549 1239 648 1330 ούθις
670 1251 716 1332 είς
738 1247 886 1336 οὐρανὸν
914 1249 966 1322 διὰ
990 1257 1052 1322 τού
1082 1248 1196 1338 ξύλου,
1229 1245 1273 1322 δι’
1297 1239 1337 1320 ού
1367 1245 1486 1319 καὶτὸ
1512 1251 1582 1332 βλέ-

276 1375 354 1420 πειν
377 1343 455 1436 ημιν
477 1353 612 1436 νοητῶς
634 1347 831 1438 δεδώρηται

359 1467 456 1534 XXV.
485 1459 633 1534 Πλάτων
663 1459 744 1535 δὲ’
725 1493 744 1536 ο
772 1461 961 1554 φιλόσοφος
991 1469 1028 1537 έκ
1059 1473 1132 1538 τῶν
1160 1470 1329 1548 Μωυσέως
1357 1463 1400 1536 τὰ
1420 1471 1496 1552 περὶ
1520 1460 1583 1550 τὴν
1603 1479 1697 1546 1331

277 1569 483 1653 νομοθεσίαν
519 1560 712 1652 ὠφεληθεὶς
747 1568 924 1654 ἐπετίμησε
955 1573 1017 1655 μέν
1052 1571 1094 1654 τῇ
1124 1571 1264 1646 Μίνωος
1298 1571 1354 1634 καὶ
1385 1559 1583 1651 Λυκούργου

227 1681 259 1732 ιιι
275 1669 433 1752 πολιτείᾳ
454 1661 541 1748 πρὸς
563 1659 723 1752 ἀνδρείαν
742 1659 850 1754 μόνην
865 1659 1166 1754 ἇποβλεπομένοις,
1189 1661 1328 1751 ἐπῄνεσε
1351 1667 1387 1734 δὲ
1402 1659 1451 1744 ῶς
1465 1685 1582 1750 σεμνο-

277 1765 378 1848 τέραν
400 1759 464 1850 τὴν
487 1761 523 1831 έν
544 1791 578 1834 τι
600 1767 764 1852 λέγουσαν
784 1771 840 1834 καὶ
861 1761 947 1854 πρὸς
969 1759 1076 1852 δόγμα
1097 1765 1135 1833 έν
1157 1761 1320 1836 νεύουσαν
1340 1767 1419 1834 αίεί·
1441 1767 1496 1832 καί
1520 1759 1581 1850 γὰρ

275 1858 360 1948 ίσχύι
381 1865 437 1930 καί
460 1859 640 1950 σεμνότητι
660 1869 715 1932 καὶ
737 1860 899 1952 φρονήσει
917 1869 1060 1952 πρέπειν
1076 1859 1118 1935 ἂν
1131 1868 1264 1952 μᾶλλον
1279 1871 1483 1948 φιλοσοφεῖν
1498 1856 1583 1950 ἡμᾶς

276 1964 362 2046 λέγει
391 1959 478 2046 πρὸς
505 1957 545 2031 τὸ
572 1957 703 2051 ἀξίωμα
730 1967 794 2034 τοῦ
816 1958 965 2048 ούρανοῦ
987 1957 1229 2052 όμετανοήτως
1249 1967 1443 2051 χρωμένους
1466 1959 1582 2050 γνώμη

277 2065 318 2146 τῇ
346 2055 432 2146 ούτῇ
459 2066 537 2146 [καὶ]
563 2067 641 2150 περὶ
675 2068 748 2132 τῶν
781 2062 905 2133 αὐτῶν.
948 2055 1000 2148 ἆρ’
1022 2057 1064 2131 ού
1090 2061 1134 2132 τὰ
1160 2059 1247 2132 κατὰ
1275 2058 1338 2132 τὸν
1360 2057 1466 2150 νόμον
1487 2059 1619 2150 {opp-2

225 2177 258 2228 ιο
277 2155 365 2228 νεύει
391 2155 477 2246 πρὸς
504 2161 564 2231 ἕνα
590 2160 676 2232 θεὸν
701 2157 837 2248 ἀφορᾶν
861 2166 916 2232 καὶ
943 2165 1197 2250 δικοιοπραγειν
1223 2157 1483 2250 έντελλόμενος;
1519 2163 1620 2230 τοῦθ

277 2263 312 2328 δὲ
333 2263 515 2330 πολιτικοῦ
537 2257 597 2330 δύο
618 2262 688 2348 είδη
712 2265 809 2348 λέγει,
832 2257 872 2330 τὸ
894 2265 955 2348 μέν
977 2257 1134 2350 νομικόν,
1166 2258 1207 2330 τὸ
1229 2264 1264 2330 δὲ
1285 2257 1469 2332 πολιτικὸν
1491 2251 1580 2348 ὁμω-

279 2355 390 2446 νύμως
421 2353 678 2448 ω’νομασμένον,
708 2365 765 2431 καὶ
794 2357 977 2432 πολιτικόν
1007 2366 1069 2448 μέν
1090 2367 1212 2446 κυρίως
1234 2363 1420 2432 αἰνίττεται
1443 2358 1505 2429 τὸν
1527 2363 1581 2446 δη-

275 2453 439 2546 μιουργόν
463 2460 501 2528 ἐν
523 2463 573 2548 τῷ
602 2452 772 2548 ὁμωνύμῳ
798 2465 917 2548 βιβλίῳ
940 2457 1022 2540 τούς
1045 2487 1080 2531 τε
1103 2461 1149 2541 είς
1171 2455 1278 2530 αύτὸν
1299 2455 1506 2546 ἇφορῶντας
1526 2463 1581 2528 καὶ

276 2561 435 2638 βιοῦντας
465 2559 611 2644 ἐνεργῶς
640 2565 696 2628 καὶ
727 2563 865 2638 δικαίως
888 2557 950 2628 σύν
971 2565 1026 2628 καὶ
1049 2565 1090 2646 τῇ
1114 2564 1243 2649 θεωρίᾳ
1264 2565 1320 2628 καὶ
1342 2553 1465 2640 αύτούς
1486 2566 1582 2626 πολι-

224 2671 259 2726 20
278 2653 392 2738 τικούς
423 2649 593 2743 όνομόζει,
624 2655 665 2728 τὸ
688 2663 723 2728 δὲ
749 2653 806 2728 ἐπ’
828 2659 900 2746 ίσης
932 2663 982 2746 τῷ
1014 2662 1142 2746 νομικῷ
1173 2663 1381 2746 κεκλημένον
1401 2653 1619 2728 πολιτικόνλ

277 2757 322 2838 εἷς
354 2783 390 2826 τε
421 2753 585 2844 κοσμικὴν
614 2754 841 2846 μεγαλόνοιαν
871 2759 992 2844 διαιρεῖ
1011 2759 1058 2838 είς
1081 2785 1117 2828 τε
1138 2755 1314 2846 ἰδιωτικὴν
1336 2753 1510 2842 σύνταξιν,
1539 2751 1581 2842 ἣν

275 2849 484 2942 κοσμιότητα
506 2861 561 2926 καλ
584 2850 750 2946 ἁρμονίαν
770 2861 826 2927 καὶ
847 2853 1074 2944 σωφροσύνην
1096 2853 1285 2944 ῶνόμασεν,
1310 2849 1397 2928 όταν
1419 2853 1581 2942 ἄρχοντες

274 2957 335 3042 μέν
355 2957 512 3039 πρέπωσι
535 2973 607 3037 τοῖς
629 2949 835 3044 ἀρχομένοις,
857 2951 1032 3044 πειθήνιοι
1047 2959 1083 3024 δὲ
1098 2958 1130 3026 ολ
1154 2951 1332 3044 ἀρχόμενοι
1349 2973 1422 3038 τοις
1444 2952 1582 3042 ἄρχουσι

275 3055 479 3140 γίγνωνιται,
503 3045 587 3142 ὅπερ
610 3050 630 3144 ἡ
651 3053 737 3126 κατὰ
760 3059 906 3126 λίωυσέο
927 3059 1138 3143 πραγματεία
1160 3053 1213 3126 διὰ
1235 3059 1384 3144 σπουδῆς
1406 3058 1471 3142 ἔχει
1493 3059 1581 3141 γενέ·
1597 3069 1683 3126 42οΡ

223 3165 257 3220 ‘25
274 3161 363 3224 σθαι.
391 3153 443 3224 ἔτι
466 3151 506 3224 τὸ
528 3157 590 3241 μὲν
612 3151 754 3243 νομικὸν
774 3151 861 3242 πρὸς
884 3161 1044 3242 γενέσεως
1065 3154 1160 3238 εἶναι,
1185 3151 1225 3223 τὸ
1246 3153 1427 3226 πολιτικὸν
1445 3159 1480 3224 δέ
1495 3151 1582 3240 πρὸς
1600 3173 1695 3240 1331

274 3257 389 3338 φιλίας
418 3259 475 3324 καὶ
505 3246 665 3340 ὁμονοίας
698 3247 717 3324 δ
749 3251 899 3326 Πλάτων
929 3251 1136 3344 ῶφεληθείς,
1169 3269 1240 3336 ταις
1267 3259 1329 3342 μὲν
1359 3249 1488 3344 Νόμοις
1519 3251 1581 3324 τὸν

275 3355 472 3438 φιλόσοφον
493 3349 556 3422 τόν
578 3355 615 3423 έν
637 3359 680 3440 τῇ
701 3348 886 3442 Ἐπινομίδι
908 3359 1102 3440 συνέταξεν,
1126 3349 1189 3423 τὸν
1212 3351 1275 3442 τὴν
1297 3357 1449 3440 διέξοδον
1470 3349 1581 3442 πάσης

274 3455 434 3536 γενέσεως
465 3455 546 3540 [τῆς]
577 3450 633 3522 διὰ
663 3458 737 3522 τῶν
765 3459 1001 3542 πλανωμένων
1031 3447 1157 3534 είδότο,
1190 3447 1384 3538 φιλόσοφον
1410 3456 1445 3524 δὲ
1472 3451 1580 3524 ἄλλον

275 3545 337 3618 τὸν
357 3555 501 3636 Ίίμαιον,
525 3543 612 3622 ὄντα
635 3547 885 3641 ἀστρονομικόν
905 3557 961 3621 καὶ
984 3549 1201 3640 θεωρητικὸν
1224 3557 1284 3640 τῆς
1305 3554 1447 3622 ἐκείνων
1471 3557 1580 3641 φορᾶς

221 3663 257 3718 30
274 3655 485 3736 συμπαθείας
507 3677 543 3720 τε
565 3655 620 3720 καί
646 3658 827 3734 κοινωνίας
850 3655 911 3739 τῆς
932 3649 1019 3737 πρὸς
1041 3647 1184 3740 ἄλληλα,
1215 3651 1390 3740 ἑπομένως
1412 3657 1454 3739 τῇ
1477 3657 1579 3724 Πολι-

359 3884 402 3940 ίῐ
427 3883 556 3938 Ειιοιυλοε
580 3883 699 3984 Europia
721 3885 763 3940 Fr.
784 3889 813 3940 11
834 3885 935 3940 Kinkel
1017 3885 1061 3940 at
1085 3885 1139 3956 vgl.
1159 3885 1231 3940 Plut.
1251 3885 1319 3942 Μαι.
1337 3903 1362 3956 p.
1380 3885 1468 3940 3930
1488 3877 1580 3940 ἶ-λιιδλ

271 3971 328 4023 λων
345 3965 472 4040 μὲνγὰρ
491 3960 588 4024 οἷον
572 3967 748 4038 αρνοίμενσς
766 3969 801 4026 τα
820 3969 912 4026 πολλὰ
928 3969 977 4025 καί
995 3969 1028 4026 τὸ
1045 3971 1155 4036 πλῆθος
1167 3965 1344 4040 ἀποφάσκων
1356 3965 1439 4026 έστίν.
1457 3987 1483 4040 p.
1496 3969 1579 4024 3883·

268 4043 433 4107 Ἀπόλλωνα
450 4071 483 4122 τη
501 4049 654 4121 μονώσει.
667 4057 816 4110 ,καλοῖσι
834 4052 932 4122 Pauly·
935 4053 1070 4108 Wiuowa
1088 4053 1113 4106 11
1134 4053 1191 4108 eol.
1210 4055 1226 4108 2
1306 4054 1397 4110 8-11
1424 4051 1478 4123 vpl.
1498 4051 1578 4108 Plato

274 4135 982 4208 laeg.1p.626A;111p.1·.<38A;1vp.105D
1063 4137 1127 4192 Alf
1151 4137 1206 4208 νηί.
1225 4137 1307 4194 Plato
1330 4135 1410 4192 Polit.
1432 4153 1458 4206 p.
1476 4135 1578 4200 307ss-

273 4221 356 4290 (λαυρ.
377 4238 403 4291 p.
425 4221 476 4278 5oe
493 4227 529 4286 A;
556 4221 621 4294 Rop.
645 4223 681 4276 lV
709 4241 734 4294 p.
756 4223 851 4279 43οΕ
941 4222 1007 4278 271
1030 4221 1086 4290 vgl.
1113 4221 1195 4276 Plato
1222 4221 1346 4292 Epinom.
1373 4239 1398 4292 p.
1421 4221 1510 4278 977ss

273 4303 338 4360 2⁰1
355 4304 409 4374 vgl.
431 4304 509 4360 Plato
527 4305 597 4362 Tim.
616 4325 640 4378 p.
660 4309 691 4362 27
704 4311 729 4362 A

344 4505 381 4560 14
404 4505 472 4576 [καί]
491 4505 537 4560 Ma
617 4497 665 4580 ἆρ’
682 4505 716 4562 οὐ
734 4507 781 4560 Mn
798 4501 855 4574 ἄρα
874 4497 964 4562 ούνΙι
1041 4501 1228 4574 έντελλόμενα
1246 4505 1293 4560 Ma
1375 4507 1412 4564 18
1431 4503 1578 4575 δμανίμωι

272 4589 577 4742 ζομένξῗςῖίέπωθ]
597 4585 662 4656 ⁴²⁰0·
681 4589 802 4658 πατέρες
819 4581 872 4646 ὦσι
889 4591 921 4646 τι
1001 4591 1040 4646 ιε
1063 4589 1131 4660 [τις]
1149 4589 1180 4646 ει
1259 4591 1300 4646 ιο
1317 4585 1465 4662 §mame
1481 4589 1578 4652 τοοιιι
