3738 5536
679 521 855 576 StromataI.
879 521 943 592 Cup
962 520 982 574 1.
1002 521 1085 582 2,2-
1088 519 1149 584 6,2.
1548 525 1566 582 5

259 713 362 758 νεται.
406 679 484 758 ἀλλ’
508 681 610 774 ήμέν
632 683 794 774 κηρυκική
816 681 982 774 ἐπιστήμη
1004 679 1069 772 ήδη
1095 711 1170 766 πως
1192 677 1363 770 ἀγγελική,
1391 673 1603 766 ὁποτέρως.
1586 693 1603 728 ⁰

259 781 303 856 άν
329 788 461 874 ἐνεργῇ
484 781 538 856 διά
560 811 599 854 τε
621 791 682 874 τῆς
703 783 813 874 χειρός
834 781 889 858 διά
912 813 949 856 τε
972 789 1032 872 τῆς
1053 782 1217 872 γλώττης,
1240 779 1433 868 ω’φελοῦσα
1459 771 1565 850 ιότιό

258 891 409 972 σπείρων
434 883 538 966 είς
503 913 543 954 το
564 889 695 974 πνεῦμα
717 887 754 954 ἐκ
777 891 838 956 τοῦ
859 883 1053 974 πνεύματος
1074 891 1201 971 θερίσει
1223 881 1317 972 ζωήν
1338 879 1492 952 αίιόνιον·
1525 877 1565 948 τό

259 991 294 1056 δὲ
316 983 426 1056 καλὸν
454 989 636 1066 ποιοῦντες
665 983 710 1074 μή
741 987 954 1073 ἐνκακῶμεν
964 1013 976 1048 ι
1011 973 1233 1072 συμβάλλεται
1260 987 1343 1070 γοῦν
1364 979 1407 1052 τά
1429 983 1603 1070 μέγιστασ

225 1089 311 1174 Γιτῷ
333 1080 552 1171 περιτυχόντι
573 1081 661 1154 κατὰ
683 1081 748 1172 τήν
770 1089 868 1202 θείμν
888 1079 1067 1172 πρόνοιαν,
1091 1111 1198 1172 αρχην
1211 1089 1369 1164 πίστεως
1391 1085 1566 1160 πολιτείας

257 1177 519 1272 προθυμίαν,“
500 1181 608 1272 ορμήν
630 1181 696 1272 τὴν
717 1185 770 1254 έπὶ
794 1181 858 1272 τήν
879 1179 1059 1272 ἀλήθειαν,
1090 1189 1222 1272 κίνησιν
1245 1175 1443 1270 ζητητικήν,
1474 1181 1567 1266 ἰ’χνος

260 1281 432 1372 γνώσεως,
462 1277 639 1353 συνελόντι
666 1287 772 1352 εἰπεῖν
799 1277 954 1372 ἀφορμάς
980 1288 1096 1354 δίδωσι
1118 1289 1294 1370 σωτηρίας.
1338 1283 1370 1350 σί
1393 1285 1428 1350 δὲ
1450 1283 1566 1364 ἐντρα-

259 1387 379 1468 φέντες
409 1387 555 1472 γνησίως
585 1399 658 1462 τοις
688 1385 749 1469 τῆς
779 1377 941 1471 ἀληθείας
971 1377 1085 1470 λόγοις
1108 1377 1227 1468 ἐφόδια
1249 1387 1337 1468 ζωῆς
1356 1389 1361 1462 ί
1381 1377 1490 1452 ἀιδίου
1511 1387 1565 1448 λα·
1586 1395 1663 1448 lus

258 1479 377 1568 βάντες
404 1485 450 1564 είς
471 1477 620 1568 οδρανόν
644 1486 860 1568 πτεροῦνται.
903 1481 1172 1570 θαυμασιώτατα
1193 1489 1311 1552 τοίνυν
1333 1474 1352 1552 ό
1375 1475 1604 1560 ἀπόστολοςί

211 1601 241 1648 ιιι
262 1585 318 1652 »ἐν
338 1587 461 1652 παντλι
487 1587 566 1668 φησί
593 1576 827 1662 ισυνιστάντες
850 1580 991 1663 έαυτοῦς
1010 1576 1058 1664 ιῦς
1074 1587 1158 1652 θεοῦ
1173 1577 1334 1656 διάκονοι,
1358 1575 1406 1662 σός
1424 1585 1566 1666 πτωχοί,

259 1679 410 1764 πολλοῦς
437 1685 472 1750 δὲ
498 1685 755 1766 πλουτίζοντες,
788 1675 836 1762 σός
861 1686 965 1770 μηδὲν
987 1683 1121 1769 ἔχοντες
1142 1687 1197 1752 καί
1219 1677 1333 1751 πάντα
1354 1684 1566 1766 κατέχοντες·

261 1779 301 1850 τὸ
324 1776 432 1870 στόμα
455 1775 552 1868 ήμῶν
573 1775 704 1868 ἀνέῳγε
724 1777 812 1868 πρὸς
833 1776 942 1869 ῦμᾶς.ι
991 1778 1274 1870 »διαμαρτύρομαι
1295 1783 1362 1852 δέι,
1393 1785 1444 1868 τῷ
1472 1785 1566 1866 Τιμο-

259 1885 331 1968 θέῳ
354 1886 457 1968 φησὶν
482 1882 708 1964 ἐπιστέλλων,
742 1879 910 1950 »ένιόπισν
935 1886 999 1953 τοῦ
1025 1885 1110 1952 θεοῦ
1135 1887 1191 1950 καὶ
1214 1886 1365 1968 Χριστοῦ
1386 1875 1490 1966 ’ίησοῦ
1511 1883 1567 1946 καὶ

258 1985 333 2050 τῶν
353 1983 525 2050 ἐκλεκτῶν
539 1975 702 2066 ἀγγέλων,
726 1978 781 2050 ίνα
797 1985 905 2051 ταῦτα
920 1975 1070 2068 φυλάξης
1084 1985 1185 2068 χωρίς
1200 1987 1440 2068 προκρίματος,
1461 1979 1566 2064 μηδὲν

209 2099 240 2150 1⁸1
257 2085 371 2150 ποιῶν
392 2077 479 2150 κατὰ
501 2077 725 2166 πρόσκλισιν.ι

340 2173 479 2266 Ἀνάγκη
505 2184 624 2248 τοίνυν
655 2175 758 2266 ἀμφιο
785 2175 900 2248 τοῦτω
927 2175 1119 2266 δοκιμάζειν
1141 2183 1229 2265 σφᾶς
1250 2173 1386 2258 αῦτοῦς,
1419 2173 1483 2244 τόν
1503 2180 1565 2264 μὲν
1582 2196 1637 2258 αι

255 2281 283 2344 εί
304 2275 398 2362 ἄξιος
420 2283 529 2364 λέγειν
550 2305 586 2346 τε
608 2283 664 2347 καὶ
685 2273 911 2368 ῦπσμνήματα
941 2275 1223 2367 καταλιμπάνειν,
1253 2275 1317 2348 τὸν
1339 2282 1374 2347 δὲ
1396 2281 1424 2346 εέ
1443 2271 1564 2360 ἀκρσᾶ·

254 2383 335 2446 σθαί
358 2405 395 2446 τε
418 2383 474 2446 καί
492 2372 709 2466 ἐντυγχάνειν
730 2381 876 2460 δίκαιος·
898 2369 917 2465 ή
938 2384 994 2448 καὶ
1012 2376 1077 2466 τήν
1098 2373 1311 2466 εόχαριστίαν
1333 2381 1422 2456 τινές
1443 2379 1564 2446 διανεί·

254 2501 385 2564 μαντες,
408 2473 456 2558 σός
471 2479 561 2558 έθος.
585 2471 692 2546 αῦτόν
714 2474 754 2564 δή
778 2477 921 2548 ἕκαστον
943 2482 1006 2548 τοῦ
1027 2483 1113 2548 λαοῦ
1135 2485 1249 2560 λαβεῖν
1271 2474 1335 2566 τήν
1355 2495 1476 2565 μοίραν
1495 2477 1560 2546 ἐπι-

204 2593 239 2646 20
256 2581 445 2662 τρέπουσιν.
488 2571 607 2664 ἀρίστη
639 2575 702 2664 γὰρ
731 2573 817 2662 πρὸς
849 2575 913 2664 τήν
943 2573 1063 2666 ἀκριβῆ
1094 2580 1220 2664 αἵρεσίν
1250 2603 1287 2647 τε
1316 2585 1372 2646 καί
1403 2574 1515 2664 φυγήν
1543 2571 1599 2663 ή2

255 2679 453 2762 συνείδησις,
490 2681 646 2764 θεμέλιος
677 2679 712 2746 δέ
742 2671 847 2764 αῦτής
876 2682 1007 2762 βέβαιος
1037 2671 1144 2764 όρθὸς
1169 2685 1242 2760 βίος
1263 2669 1331 2764 όμα
1352 2673 1497 2765 μαθήσει
1520 2681 1562 2762 τή

255 2773 450 2862 καθηκσῦση
478 2771 519 2845 τό
546 2803 583 2846 τε
610 2775 751 2845 ἐπεσθαι
778 2776 906 2864 ἑτέροις
933 2781 1182 2866 δοκιμασθεῖσιν
1208 2771 1272 2864 ήδη
1297 2783 1352 2846 καί
1374 2785 1560 2862 κατωρθω·

255 2869 352 2945 κάσιν
375 2872 516 2961 ἀριστον
536 2871 623 2962 πρός
645 2901 682 2944 τε
705 2879 766 2963 τῆς
788 2871 949 2964 ἀληθείας
972 2876 1035 2964 τὴν
1057 2873 1175 2962 νόησιν
1196 2885 1251 2946 καὶ
1272 2875 1338 2966 τήν
1351 2871 1563 2962 κατάπραξιν

255 2979 328 3044 τῶν
350 2977 513 3044 ἐντολῶν.
560 2970 667 3042 »ὥστε
690 2967 728 3054 ός
749 2973 793 3044 ἀν
815 2977 910 3064 ἐσθίῃ
934 2974 998 3046 τόν
1020 2971 1128 3064 άρτον
1148 2982 1205 3046 καὶ
1225 2982 1309 3063 πίνη
1331 2973 1373 3046 τό
1394 2971 1564 3064 ποτήριον
1587 2995 1605 3048 8

203 3089 237 3140 251
257 3079 319 3144 τοῦ
339 3081 459 3161 κυρίου
481 3067 638 3158 ἀναξίως,
661 3074 779 3160 ἔνοχος
802 3077 895 3146 ἔσται
917 3079 981 3146 τοῦ
1002 3073 1161 3163 σώματος
1182 3081 1238 3144 καί
1260 3081 1323 3146 τοῦ
1345 3079 1486 3164 αίματσς
1506 3079 1568 3146 τοῦ

254 3177 381 3258 κυρίου.
424 3175 634 3262 δοκιμαζέτω
666 3177 702 3242 δὲ
733 3171 920 3260 ἄνθρωπος
951 3173 1076 3246 ἑαυτὸν
1104 3179 1158 3244 καὶ
1182 3169 1296 3257 οὕτως
1317 3180 1354 3246 ἐκ
1376 3181 1439 3247 τοῦ
1461 3173 1568 3262 ἀρτου

255 3275 401 3342 ἐσθιέτω
428 3277 483 3340 καί
512 3275 549 3342 ἐκ
576 3276 639 3342 τοῦ
666 3277 836 3360 ποτηρίου
856 3278 1014 3344 πινέτω.ι
1061 3283 1262 3346 σκοπεῖσθαι
1284 3267 1347 3346 οῦν
1369 3269 1566 3348 ἀκόλουθον
1585 3297 1642 3358 ml

255 3369 299 3442 ἀν
320 3373 371 3458 εἴη
395 3377 445 3460 τῷ
469 3369 534 3460 τήν
552 3377 556 3458 Ι
577 3368 747 3458 ω’φέλειαν
769 3379 843 3442 τῶν
865 3379 1011 3462 πλησίον
1026 3375 1282 3464 ἐπανηρημένῳ,
1306 3379 1335 3444 εί
1349 3373 1394 3464 μή
1410 3379 1566 3462 θρασέως
1583 3387 1668 3442 3101'

254 3475 312 3540 καί
334 3495 423 3542 τισιν
446 3465 730 3560 ἀντιζηλσῦμενος
752 3469 962 3562 ἐπεπήδησαν
985 3478 1028 3560 τῇ
1049 3477 1255 3564 διδασκαλίᾳ,
1278 3475 1307 3542 εί
1320 3473 1365 3562 μή
1382 3470 1565 3558 φιλόδοξος

202 3587 237 3638 αι
259 3565 279 3658 ή
299 3577 466 3642 κοινωνία
488 3575 551 3640 τσῦ
573 3565 686 3659 λόγου,
709 3577 739 3642 εί
761 3577 890 3642 τοῦτον
911 3568 1018 3659 μόνον
1040 3577 1229 3660 καρποῦται
1252 3571 1316 3644 τὸν
1337 3569 1477 3662 μισθόν,
1501 3571 1565 3660 τήν

254 3675 427 3758 σωτηρίαν
449 3675 523 3740 τῶν
544 3668 753 3754 ἐπαϊόντων,
785 3665 826 3742 τό
849 3697 886 3742 τε
907 3669 952 3760 μή
973 3670 1060 3756 πρὸς
1085 3667 1184 3760 χάριν
1205 3665 1333 3758 ὁμιλεῖν
1355 3675 1564 3759 δωροδοκίας

254 3796 290 3838 τε
320 3761 362 3840 αῦ
387 3767 549 3858 διαβολήν
576 3775 797 3858 διαπέφευγεν
817 3765 836 3840 ό
859 3767 905 3840 δι’
927 3765 1185 3859 ῦπομνημάτων
1206 3777 1337 3840 λαλεῦν·
1382 3763 1480 3840 εσῦτε
1501 3767 1563 3858 γάρ
1582 3779 1599 3834 2

252 3895 338 3939 ποτε
358 3871 397 3938 ἐν
418 3863 512 3958 λόγῳ
534 3875 711 3950 κολακείας
738 3867 959 3958 ἐγενήθημεν,
989 3871 1108 3952 καθώς
1135 3871 1275 3952 οἴδατε,ε
1314 3875 1417 3958 φησίν
1439 3863 1458 3938 ό
1481 3864 1563 3940 ἀπό-

251 3977 382 4048 στολος,
409 3959 506 4040 »οὔτε
529 3963 698 4056 προφάσει
719 3977 930 4056 πλεονεξίας,
958 3967 1040 4050 θεὸς
1061 3965 1199 4058 μάρτυς,
1222 3961 1301 4040 σῦτε
1325 3975 1507 4058 ζητοῦντες
1528 3973 1563 4054 ές·

336 4137 409 4194 2-4
422 4137 482 4192 Gal.
493 4139 517 4203 6,
528 4137 565 4190 θλ
630 4139 649 4194 θ
663 4135 703 4204 είς
716 4135 839 4210 οέρανδν
852 4145 1021 4208 πτεροῦνται
1035 4137 1089 4208 vgl.
1101 4138 1182 4193 Plato
1193 4137 1306 4192 Phaedr.
1319 4157 1344 4210 p.
1357 4141 1409 4194 24⁸
1421 4135 1501 4192 13-ss

253 4221 629 4286 10-1811K01.6,4.10f
708 4223 1012 4286 12-151'15m.5‚21
1100 4223 1446 4286 24-221K01.11,·27f
1519 4221 1557 4278 θλ

251 4305 323 4376 πρὸς
347 4303 431 4376 χάριν
458 4303 567 4374 ὁμιλεῖν
592 4305 647 4376 εςί.
675 4305 756 4362 Plato
778 4307 864 4378 Gorg.
883 4325 907 4378 p
926 4309 974 4364 521
992 4313 1017 4364 Δ
1106 4308 1183 4364 8⁶2—
1189 4307 1467 4372 θΗθΙΤίιεεε
1467 4309 1558 4376 ,ἴε-ἵ

337 4437 611 4510 Ῑήδηθαίιιιήδεῐι
686 4441 989 4511 12δμᾶςίμίημᾶςῐι
1071 4443 1391 4514 λθτοέτωθγτοῦτοία
1471 4443 1557 4500 1801·-

250 4541 339 4590 καιος.
360 4513 388 4594 bl
406 4516 561 4596 δίκαιοςή
581 4525 601 4578 L
682 4522 760 4584 2⁸*
744 4546 780 4582 αν
798 4523 840 4596 είή
859 4529 890 4581 St
910 4522 1007 4596 ἀραί,
1087 4523 1387 4596 τῶ-έιιανηιρημένιυ
1405 4527 1439 4580 L¹
1466 4533 1557 4582 τῶν-

250 4603 538 4680 έπιτνηιρημένωνῐι*
558 4609 640 4666 τδν-
644 4605 859 4682 ἐπανηρημένον
878 4611 966 4682 Ηεγια
1047 4613 1082 4668 81
1105 4613 1246 4682 σωτηρίαν
1264 4613 1300 4682 Sy
1319 4609 1492 4682 σωτήριονίι

249 4687 408 4749 ἐπαϊόντων
427 4723 439 4748 ο
454 4725 467 4748 ι
481 4693 561 4750 θοίιττ
