3726 5528
584 557 723 612 εειοωιιε
739 559 786 616 ιτ.
809 561 872 630 στρ.
886 557 958 614 x111.
976 559 1017 624 σο,
1029 559 1121 626 ε-ει,
1133 561 1158 614 ε.
1459 565 1520 628 ιεε

216 729 269 793 καί
294 720 334 794 τὸ
357 719 441 808 ῦπέρ
468 715 573 792 αῦτοῦ
599 717 751 808 πάσχειν·
788 717 852 792 τόν
872 719 980 792 αῦτδν
1001 717 1118 808 άγιῦνα
1140 721 1288 808 ἔχοντες,
1319 721 1394 792 οίον
1416 725 1520 792 είδετε

216 827 253 892 ἐν
273 827 346 910 έμοί
368 829 423 892 καί
446 826 508 892 νῦν
529 815 666 892 άκοῦετε
691 823 728 892 ἐν
749 823 830 908 ἐμοί.
873 825 903 892 εί
924 847 975 902 τις
998 811 1060 892 οῦν
1081 817 1288 910 παράκλησις
1310 825 1347 890 ἐν
1370 827 1518 912 Χριστῷ,
1538 833 1557 889 8

217 925 246 992 εί
266 950 299 992 τι
321 919 540 1010 παραμύθιον
561 914 703 1008 άγάπης,
726 923 756 990 εί
769 949 820 1002 τις
834 927 998 992 κοινωνία
1012 919 1214 1010 πνεύματος,
1238 923 1267 990 εί
1281 949 1332 1002 τις
1347 917 1520 1008 σπλάγχνα

216 1028 272 1092 καί
294 1025 471 1108 οἰκτιρμοί,
492 1017 700 1108 πληρώσατέ
719 1047 785 1108 μου
806 1018 871 1110 τήν
890 1017 1008 1108 χαράν,
1031 1023 1085 1092 ἵνα
1108 1016 1148 1088 τὸ
1171 1015 1255 1092 αῦτὸ
1274 1025 1435 1108 φρονῆτε,
1458 1017 1522 1108 τήν

182 1141 199 1192 5
216 1117 324 1210 αῦτὴν
347 1115 482 1208 ἀγάπην
496 1121 644 1206 ἔχοντες,
668 1115 840 1208 σῦμφυχοι,
865 1118 905 1191 τό
921 1122 958 1190 ἐν
974 1124 1209 1208 φρονοῦντες.ι
1249 1123 1327 1190 τίδὲ
1343 1123 1521 1192 σπένδεται
1540 1135 1559 1190 4

219 1223 290 1292 »ἐπὶ
313 1227 356 1308 τῇ
377 1225 478 1310 θυσίᾳ
500 1225 556 1288 καί
572 1225 613 1306 τῇ
629 1225 820 1310 λειτουργίᾳ
842 1225 902 1308 τῆς
917 1225 1081 1300 πίστεωςτ
1106 1225 1236 1306 χαίρων
1251 1225 1305 1288 καί
1321 1225 1522 1307 συγχαίρων,

216 1319 314 1403 <τοῦς
335 1323 396 1399 δέ)
418 1316 504 1405 πρὸς
526 1313 585 1399 οῦς
607 1313 626 1388 ό
648 1313 749 1406 λόγος
772 1324 822 1408 τῷ
845 1313 1041 1406 άποστόλῳ.
1065 1317 1144 1400 τοῦς
1167 1323 1422 1406 Φιλιππησίους,
1446 1341 1522 1406 συμ-

215 1414 378 1508 μετόχους
409 1423 470 1506 τῆς
498 1413 635 1504 χάριτος
665 1423 792 1499 καλῶν,
822 1423 898 1498 πῶς
924 1413 1049 1500 αὐτοῦς
1071 1414 1261 1504 συμφῦχους
1283 1423 1338 1488 καί
1362 1415 1523 1504 ψυχικοῦς

217 1523 318 1608 λέχεα·
349 1511 475 1606 ὁμοίως
504 1523 560 1588 καί
590 1523 667 1605 περὶ
702 1521 867 1606 Τιμοθέου
898 1523 954 1586 καί
981 1517 1103 1586 ἑαυτοῦ
1124 1513 1269 1604 γράφων
1299 1511 1438 1587 εοῦδένα
1460 1515 1559 1604 γάρῦ

165 1635 199 1690 10
217 1621 299 1706 ἔχεσι
330 1623 432 1706 φησίν
461 1614 652 1704 »ίσόφυχοκ
686 1609 778 1698 ὅστις
805 1623 948 1705 γνησίαις
971 1615 1013 1686 τά
1034 1620 1110 1702 περί
1133 1611 1228 1700 ῦμτῦν
1249 1612 1452 1706 μεριμνήσει·
1490 1619 1522 1686 οί

216 1713 343 1798 πάντες
364 1715 428 1806 γάρ
450 1713 493 1786 τά
516 1716 649 1786 ίαυταῦν
672 1719 839 1804 ζητοῦσιν,
863 1709 904 1786 οῦ
925 1713 967 1786 τὰ
989 1710 1094 1804 Ἰησοῦ
1117 1719 1292 1802 Χριστοῦπ

301 1815 357 1904 Μή
379 1823 496 1888 τοίνυν
517 1815 680 1902 φυχικοῦς
701 1817 740 1884 ἐν
761 1808 913 1896 ὀνείδους
926 1819 1018 1904 μέρει
1033 1809 1207 1902 λεγόντων
1222 1810 1307 1904 ἡμᾶς
1322 1817 1355 1885 οί
1370 1841 1524 1902 προειρη·
1541 1831 1620 1898 98,1

216 1921 320 2000 μένοι,
343 1910 431 1988 ἀλλὰ
453 1919 509 1984 κοί
527 1923 533 1996 1
552 1917 584 1984 οί
609 1911 748 2001 Φρύγες·
776 1909 839 2002 ήδη
861 1911 925 2001 γάρ
947 1920 1003 1984 καί
1024 1905 1120 1986 οῦτοι
1143 1913 1224 1996 τοῦς
1246 1921 1288 2002 τῇ
1312 1919 1370 2005 νέᾳ
1392 1939 1524 2002 προφη·
1541 1929 1626 1986 θυσΡ

219 2021 291 2106 τείᾳ
312 2015 357 2102 μή
379 2020 609 2102 προσέχοντας
632 2012 792 2102 φυχικοῦς
814 2017 985 2096 καλοῦσιν,
1008 2011 1094 2102 πρός
1116 2009 1175 2096 οῦς
1196 2019 1233 2085 ἐν
1256 2029 1327 2094 τοις
1342 2019 1424 2100 Περὶ
1442 2040 1523 2101 προ-

167 2131 201 2184 lb
219 2119 358 2202 φητείας
381 2109 610 2200 διαλεξόμεθα.
649 2109 784 2202 άγάπηυ
805 2103 867 2182 οῦν
889 2109 1002 2182 άσκείν
1024 2110 1088 2184 τόν
1110 2119 1242 2184 τέλειον
1262 2110 1335 2201 χρή,
1357 2107 1561 2187 κάνθέυδεε

219 2216 273 2283 ἐπὶ
293 2210 358 2301 τήν
373 2219 473 2284 θείαν
487 2219 604 2300 φιλίαν
619 2209 783 2296 σπεῦδειν,
799 2205 844 2280 δι’
855 2205 991 2300 άγάπην
1005 2215 1211 2283 έκτελοῦντα
1225 2211 1287 2294 τὰς
1302 2207 1452 2294 ἐντολάς.
1482 2210 1524 2282 τὸ
1543 2233 1561 2288 8

221 2317 256 2382 δέ
276 2307 412 2398 ἀγαπᾶν
435 2311 514 2394 τοῦς
535 2311 678 2400 ἐχθροὺς
700 2305 762 2383 οῦκ
783 2306 919 2398 ἇγαπᾶν
942 2307 983 2380 τὸ
1005 2307 1112 2380 κακὸν
1134 2317 1222 2400 λέγει
1244 2307 1320 2382 οῦδὲ
1337 2305 1525 2398 άσέβειανῆ

221 2418 370 2498 μοιχείαν
393 2405 414 2499 ή
432 2409 575 2500 κλοπήν,
598 2407 683 2482 ἀλλὰ
705 2409 768 2482 τὸν
789 2415 942 2498 κλέπτην
962 2417 1018 2480 καί
1040 2409 1104 2481 τόν
1126 2406 1225 2500 άσεβῆ
1243 2419 1298 2480 καί
1319 2408 1382 2482 τόν
1395 2407 1525 2498 μοιχόν,

223 2505 263 2580 οῦ
293 2509 383 2580 καθὸ
414 2505 597 2600 άμαρτάνει
627 2517 682 2580 καί
713 2517 756 2598 τῇ
785 2515 868 2602 ποιᾷ
899 2513 1045 2601 ἐνεργείᾳ
1074 2509 1213 2598 μολῦναι
1244 2507 1308 2599 τὴν
1334 2504 1527 2598 άνθροῦπου

170 2633 205 2688 20
223 2617 462 2698 προσηγορίαν,
491 2607 583 2682 καθὸ
610 2615 645 2680 δὲ
671 2605 860 2698 ἄνθρωπός
890 2613 960 2680 ἐστι
990 2615 1046 2678 καί
1079 2611 1179 2698 ἔργον
1209 2614 1302 2680 θεοῦ.
1341 2605 1454 2696 ἀμέλει
1484 2605 1525 2680 τὸ

222 2705 427 2796 ἁμαρτάνειν
438 2711 507 2796 <ἐν>
517 2712 664 2800 ἐνεργείᾳ
678 2727 794 2790 κεῖται,
810 2705 872 2780 οῦκ
885 2705 995 2800 οῦσίᾳ·
1010 2707 1062 2781 διό
1078 2703 1156 2780 οῦδὲ
1172 2711 1271 2796 ἔργον
1286 2713 1379 2780 θεοῦ.
1410 2712 1526 2795 ἐχθροί
1544 2729 1622 2794 vm

222 2813 256 2878 δὲ
279 2811 311 2880 οί
333 2803 586 2896 ἁμαρτάνοντες
612 2811 759 2896 εἴρηνται
787 2813 886 2885 θεοῦ,
910 2812 963 2894 [σί]
992 2813 1108 2896 ἐχθροί
1136 2807 1177 2898 δή
1204 2815 1277 2879 τῶν
1298 2811 1452 2880 ἐντολῶν
1474 2805 1526 2889 αίς

221 2905 264 2996 μή
285 2913 342 2992 [δὲ]
365 2903 584 2998 ῦπακηκόασι,
600 2905 782 2996 γενόμενοι,
798 2903 912 2996 ὥσπερ
928 2915 1024 2995 φίλοι
1042 2911 1074 2980 σί
1089 2902 1332 2996 ῦπακηκοότες,
1349 2911 1383 2978 οί
1394 2912 1456 2996 μὲν
1471 2905 1526 2976 διὰ

223 3005 286 3094 τήν
317 3009 500 3088 οίκείωοιυ,
532 3011 565 3078 οἳ
594 3012 629 3078 δὲ
660 3006 714 3078 διά
744 3006 808 3096 τήν
838 3003 1115 3095 άπαλλοτρίοσσιν
1141 3005 1207 3096 τήν
1236 3011 1273 3077 ἐκ
1298 3011 1526 3095 προαιρέσεως

169 3128 204 3181 25
221 3112 572 3193 προσαγορευθέντες·
602 3101 707 3178 οῦθέν
738 3105 801 3196 γὰρ
832 3102 852 3196 ή
884 3109 989 3196 ἔχθρα
1020 3101 1093 3178 οὐδ’
1122 3102 1142 3194 ἦ
1173 3101 1319 3196 άμαρτία
1350 3104 1432 3176 ἄνευ
1462 3109 1561 3178 τοῦθ

221 3209 346 3292 ἐχθροῦ
376 3213 431 3276 καί
462 3211 524 3276 τοῦ
554 3201 820 3295 ἁμαρτάνοντος.
862 3211 916 3278 καί
947 3205 989 3278 τό
1019 3205 1163 3296 μηδενὸς
1188 3211 1365 3294 ἐπιθυμεῖν
1390 3201 1451 3292 οῦχ
1478 3199 1525 3285 οῦς

223 3300 416 3392 άλλοτρίων
448 3313 521 3376 τῶν
542 3309 764 3395 ἐπιθυμητιῦν
786 3299 903 3376 ὄντων
924 3302 1042 3378 πόθον
1067 3305 1112 3395 μή
1134 3307 1221 3393 ἔχειν
1251 3303 1410 3386 διδάσκει,
1440 3315 1525 3376 καθ·

223 3401 307 3490 άπερ
338 3401 565 3494 ὑπειλήφασιν
596 3409 627 3476 σί
659 3403 723 3476 τόν
752 3413 894 3495 κτίστην
921 3403 1027 3476 ἄλλον
1054 3405 1139 3476 εἶναι
1168 3405 1259 3494 παρὰ
1291 3402 1354 3476 τὸν
1383 3411 1527 3494 πρῶτον

225 3501 309 3574 θεὸν
340 3511 612 3593 δογματίζοντες,
649 3501 722 3576 οὐδ’
755 3501 803 3586 οῦς
832 3509 1071 3594 ἐβδελυγμένης
1103 3511 1159 3576 καί
1193 3509 1297 3594 κοκής
1328 3495 1430 3592 οῦσης
1465 3508 1527 3592 τῆς

171 3623 206 3676 30
225 3609 393 3691 γενέσεως.
417 3603 514 3674 ἄθεοι
537 3603 600 3692 γάρ
623 3608 656 3676 σί
678 3602 773 3688 δόξαι
795 3595 907 3674 αῦται·
931 3600 1093 3692 όλλότριο
1115 3609 1150 3674 δὲ
1173 3599 1265 3694 ἡμεῖς
1281 3633 1391 3694 φαμεν
1407 3601 1449 3676 τό
1464 3608 1564 3674 τοῦθ

222 3699 349 3790 κόσμου
375 3699 435 3790 οῦχ
462 3700 510 3786 οῦς
537 3703 664 3779 ἄτοπα,
696 3699 768 3774 οὐδ’
792 3701 840 3786 οῦς
862 3701 935 3792 οῦχὶ
957 3709 1020 3774 τοῦ
1041 3710 1125 3775 θεοῦ
1146 3711 1210 3775 τοῦ
1231 3701 1378 3774 πάντων
1399 3709 1526 3790 κυρίου,

223 3795 294 3872 ἀλλ’
318 3801 432 3892 ἐπειδὴ
453 3801 498 3890 μή
520 3809 752 3892 καταμένομεν
773 3807 810 3874 ἐν
832 3799 947 3886 αῦτοις
962 3801 1025 3874 τόν
1038 3801 1154 3876 πάντα
1169 3809 1288 3886 αίιῦνα,
1311 3799 1426 3892 κτήσει
1442 3793 1526 3872 ὄντα

307 3969 380 4026 5-8
407 3973 463 4042 νηί.
482 3971 553 4026 Phil.
569 3973 593 4034 2,
612 3975 657 4038 173
686 3975 747 4040 l,7
828 3973 845 4030 Β
873 3973 929 4043 ng
947 3973 1019 4028 Phil.
1037 3975 1096 4038 2‚2
1176 3973 1267 4029 θ-ῙῙ
1288 3970 1359 4026 Phil.
1377 3971 1400 4038 2,
1419 3969 1475 4024 201

226 4055 288 4112 m
313 4055 369 4126 τρὶ.
391 4056 532 4118 Ηοτοεοίτ,
556 4056 770 4128 Dogmongeuch.
791 4059 820 4110 1³
843 4058 868 4110 S.
886 4059 955 4114 399²
1047 4058 1112 4114 141
1135 4057 1446 4126 vgl.strom.1158,1
1476 4053 1528 4106 mit

224 4145 303 4196 Δοιυ.
391 4143 502 4198 16-21
523 4139 556 4196 τδ
574 4135 818 4212 ἀγαπᾶν-ἔργον
836 4145 907 4198 θεοῦ
925 4143 997 4198 Saor.
1016 4142 1078 4198 Ροτ.
1097 4143 1147 4196 242
1165 4139 1242 4206 Hom
1264 4139 1400 4196 Antonius
1417 4137 1529 4194 Melina

225 4227 371 4294 p.31.132
389 4227 492 4281 Gesner
572 4225 706 4296 iltvgl.
725 4225 801 4282 Rom.
819 4227 844 4292 8,
862 4229 889 4290 7;
907 4226 1045 4290 ίοίτ.ί,ί

311 4383 325 4438 1
346 4377 416 4438 ίιίττε
437 4383 457 4436 L
530 4385 544 4438 7
565 4379 644 4446 «τοὺς
660 4381 711 4446 δή)
731 4383 809 4436 Sehw
880 4383 918 4438 18
942 4381 1085 4452 (λέγουσιν
1105 4375 1134 4436 δ’
1147 4379 1182 4436 οῦ
1198 4379 1290 4449 μόνον
1309 4375 1434 4446 lustros.)
1455 4375 1527 4436 ἀλλὰ

223 4467 272 4520 καί
290 4467 369 4522 δοίιττ
391 4463 463 4524 ἀλλὰ
480 4465 550 4536 μηδὲ
568 4467 599 4520 st
681 4468 718 4522 1ss
736 4465 865 4522 σπεύδειν
887 4465 922 4533 Sy
949 4465 1116 4522 οπένδεινίι
1198 4465 1235 4522 18
1257 4467 1306 4530 καί
1324 4461 1374 4518 τδν
1392 4459 1527 4536 ἀσεβῆ<

223 4549 296 4606 Sam.
310 4549 368 4606 Par.
381 4555 446 4606 Ant.
526 4553 563 4606 21
584 4547 642 4620 (ἐν)
661 4551 693 4604 st
771 4547 899 4624 ένεργείᾳ
921 4558 1013 4607 κεῖται
1033 4553 1083 4608 καί
1106 4549 1158 4608 οῦκ
1176 4548 1258 4626 οὐσίᾳ
1277 4549 1350 4604 Suet.
1369 4547 1430 4604 Par.
1451 4543 1526 4618 ένέρ-

225 4631 287 4704 γτιά
305 4631 363 4690 ἐστι
380 4637 428 4690 καί
447 4633 499 4691 οῦκ
517 4633 598 4692 σῦσίο
617 4637 681 4690 Ant„
708 4631 835 4703 ἐνέργεια
852 4641 957 4699 κεῖται,
980 4634 1032 4691 οῦκ
1049 4633 1131 4691 οδσία
1150 4635 1277 4705 Βγτταίετ
1358 4633 1396 4690 22
1415 4629 1463 4702 [σί]
1481 4633 1530 4686 Ma

259 4717 462 4788 2⁸[azlsehw
543 4722 582 4776 εο
607 4713 709 4776 ρεστ

284 4803 393 4848 elenen·
408 4803 439 4848 11.
1288 4805 1321 4858 19
