3738 5536
564 529 702 586 stromata
721 531 740 584 1.
763 531 826 602 Cap.
841 529 859 582 1.
879 531 919 594 16,
931 529 1047 600 2—Cap.
1061 527 1094 584 ll.
1112 529 1153 592 20,
1166 533 1190 582 2.
1499 535 1535 597 13

308 699 500 782 Περιέξουσι
527 698 563 764 δὲ
590 697 622 764 οί
645 701 866 782 Στρωματεῑς
892 688 1159 780 ἀναμεμιγμένην
1188 689 1251 780 τὴν
1274 687 1440 782 ἀλήθειαν
1461 711 1534 776 τοις
1555 703 1629 766 18,1

224 801 430 880 φιλοσοφίας
452 791 606 882 δόγμασι,
637 797 826 882 μᾶλλονδὲ
849 797 1137 882 ἐγκεκαλυμμένην
1159 797 1214 862 καὶ
1236 795 1533 882 ἐπικεκρυμμένην,

224 889 381 980 καθάπερ
413 899 464 982 τῷ
496 891 634 980 λεπύριμ
661 891 702 962 τό
724 892 891 980 ἐδώδιμον
913 897 975 962 τοῦ
996 887 1134 976 καρύου·
1168 885 1304 978 άρμόζει
1324 889 1401 980 γάρ,
1433 893 1533 982 οίμαι.

226 999 286 1084 τῆς
317 987 482 1082 ἀληθείας
512 989 555 1062 τά
586 996 760 1080 σπέρματα
791 989 909 1080 μόνοις
940 987 1173 1077 φυλάσσεσθαι
1203 1007 1276 1070 τοῖς
1299 997 1360 1080 τῆς
1386 999 1534 1074 πίστεως

189 1105 393 1184 ῦγεωργοις.
430 1087 470 1164 ού
493 1097 638 1180 λέληθεν
660 1097 705 1160 δέ·
716 1118 757 1178 με
777 1098 833 1162 καλ
856 1090 899 1162 τά
921 1088 1135 1178 θρυλούμενα
1157 1085 1242 1178 πρός
1265 1118 1371 1162 τινων
1390 1087 1534 1182 ἀμαθῶς
1552 1103 1570 1156 2

225 1197 412 1280 ψοφοδεῶν
433 1195 553 1281 χρῆναι
575 1185 752 1280 λεγόντων
772 1199 850 1278 περὶ
871 1189 915 1262 τὰ
933 1183 1187 1280 ἀναγκαιότατα
1200 1197 1256 1260 καί
1271 1195 1454 1278 συνέχοντα
1469 1189 1534 1280 τὴν

224 1299 340 1366 πίστιν
369 1299 626 1380 καταγίνεσθαι,
658 1287 701 1362 τά
723 1295 759 1361 δὲ
786 1293 917 1376 ἔξωθεν
937 1297 993 1362 καί
1019 1285 1164 1379 περιττά
1185 1285 1401 1376 ὑπερβαίνειν
1421 1287 1534 1378 μάτην

225 1389 310 1482 ἡμᾶς
336 1397 499 1480 τρίβοντα
524 1397 580 1460 καὶ
606 1393 796 1478 κατέχοντα
822 1397 899 1476 περὶ
927 1407 999 1474 τοῖς
1021 1389 1121 1464 ούδὲν
1143 1395 1425 1480 συμβαλλομένοις
1446 1387 1533 1477 πρὸς

225 1490 265 1562 τὸ
289 1497 394 1572 τέλος.
437 1493 472 1564 οἳ
492 1493 528 1560 δὲ
548 1495 604 1561 καί
625 1487 712 1578 πρὸς
730 1497 837 1562 κακοῦ
851 1482 991 1580 <ούσ>αν
1006 1491 1071 1580 τὴν
1085 1497 1293 1580 φιλοσοφίαν
1308 1493 1532 1560 εἰσδεδυκέναι
1551 1503 1569 1558 8

176 1603 208 1654 ιθ
226 1589 288 1660 τόν
317 1597 392 1676 βίον
424 1597 615 1678 νομίζουσιν
645 1593 699 1660 ἐπὶ
730 1586 816 1678 λύμη
848 1597 921 1661 τῶν
947 1585 1148 1678 ἀνθρώπων
1169 1587 1255 1680 πρός
1277 1617 1371 1671 τινος
1393 1585 1532 1675 εύρετοῦ

224 1695 387 1779 πονηροῦ.
429 1689 496 1778 ίγσό
524 1693 559 1760 δὲ
586 1681 641 1760 ότι
666 1693 728 1777 μὲν
755 1683 775 1778 ἦ
801 1695 901 1760 κακία
922 1689 1030 1780 κακὴν
1053 1689 1155 1778 φύσιν
1178 1693 1318 1779 ἔχεικαὶ
1340 1681 1465 1760 οὔποτ’
1488 1685 1568 1760 ἀνί

223 1795 331 1862 καλού
352 1815 449 1870 τινος
470 1785 638 1877 ύποσταίη
658 1787 807 1876 γεωργός
822 1795 988 1878 γενέσθαι,
1011 1788 1094 1880 παρ’
1112 1787 1213 1872 ὅλους
1228 1791 1413 1876 ἐνδείξομαι
1428 1788 1510 1872 τούς

224 1897 453 1978 Στρωματεῐς,
477 1886 709 1978 αἰνισσόμενος
724 1883 790 1978 άμῇ
805 1895 844 1978 γέ
856 1917 904 1978 πη
920 1898 1016 1974 θείας
1031 1893 1130 1979 ἔργον
1145 1895 1310 1978 προνοίας
1324 1894 1379 1958 καὶ
1395 1897 1531 1976 φιλοσο·
1549 1903 1598 1957 327
1612 1901 1633 1956 Ρ

224 1995 314 2074 φίαν.
358 1993 400 2058 11.
422 1983 506 2074 ύπὲρ
533 1993 567 2056 δὲ
591 1993 665 2056 τῶν
686 1985 943 2078 ὑπομνημάτων
965 1997 1038 2060 τῶν
1060 1985 1333 2080 περιειληφότων
1347 1985 1435 2058 κατά
1450 1987 1531 2070 τούς
1552 2003 1627 2066 ιλιι

175 2107 206 2156 15>
224 2083 423 2176 ἀναγκαίους
442 2085 578 2174 καιρούς
600 2085 665 2176 τὴν
685 2081 885 2176 Ἑλληνικὴν
908 2083 1012 2175 δόξαν
1034 2085 1202 2160 τοσοῦτόν
1225 2115 1310 2176 φημι
1329 2105 1402 2170 τοις
1417 2099 1530 2174 φιλεγ-

223 2184 377 2276 κλήμασι·
400 2191 626 2276 πρῶτονμὲν
648 2191 753 2256 είκαί
776 2185 942 2276 ἄχρηστος
964 2191 1013 2277 εἴη
1038 2195 1234 2275 φιλοσοφία,
1257 2193 1286 2258 εί
1308 2179 1488 2276 εὔχρηστος
1511 2183 1531 2276 ἡ

225 2291 285 2374 τῆς
299 2282 480 2376 ἀχρηστίας
495 2291 679 2369 βεβαίωσις,
699 2279 893 2374 εύχρηστος·
916 2291 1032 2359 ἔπειτα
1047 2285 1124 2360 ούδὲ
1138 2293 1442 2374 καταψηφίσασθαι
1458 2293 1532 2357 τῶν
1551 2305 1568 2358 ⁶2

223 2381 396 2474 Ἑλλήνων
427 2381 503 2456 οίόν
524 2413 559 2454 τε
589 2391 673 2472 φιλῇ
697 2392 738 2474 τῇ
760 2393 836 2474 περὶ
868 2393 942 2457 τῶν
973 2393 1276 2476 δογματισθέντων
1307 2381 1423 2466 αύτοῖς
1447 2412 1532 2474 χρω-

223 2491 342 2571 μένους
365 2481 499 2572 φράσει,
530 2483 574 2574 μὴ
597 2489 881 2570 συνεμβαίνοντας
903 2493 949 2568 εἰς
972 2485 1036 2576 τὴν
1056 2485 1143 2558 κατά
1163 2491 1263 2576 μέρος
1286 2483 1362 2572 άχρι
1383 2485 1531 2574 συγγνώ-

169 2599 207 2656 20
225 2610 308 2666 σιως
330 2579 524 2668 έκκάλυψιν.
566 2581 688 2665 πιστός
706 2583 772 2672 ’γάρ
795 2577 831 2654 εύ
852 2581 942 2674 μάλα
964 2579 983 2656 ό
1005 2581 1079 2676 μετ’
1102 2591 1272 2674 ἐμπειρίας
1297 2586 1443 2673 ἔλεγχος,
1476 2577 1530 2654 ότι
1549 2603 1568 2658 8

222 2689 277 2752 καί
303 2679 503 2784 τελειοτάτη
531 2677 701 2769 ἀπόδειξις
727 2679 915 2770 εύρίσκεται
943 2679 963 2772 ἡ
985 2691 1108 2772 γνῶσις
1135 2691 1210 2756 τῶν
1231 2689 1529 2772 κατεγνωσμένων.

222 2779 334 2852 πολλὰ
358 2779 389 2851 δ’
413 2785 475 2852 σύν
496 2789 552 2853 καί
573 2781 619 2870 μὴ
641 2777 896 2870 συμβαλλόμενα
917 2790 964 2866 είς
979 2790 1077 2867 τέλος
1092 2801 1270 2870 συγκοσμεὶ
1283 2781 1347 2853 τὸν
1362 2789 1566 2874 τεχνίτηνί

222 2889 277 2950 καλ
309 2879 423 2964 ἄλλως
446 2877 466 2970 ἦ
488 2889 686 2968 πολυμαθία
715 2883 953 2973 διασυστατικίγ
984 2881 1139 2974 τυγχάνει
1168 2887 1232 2952 τοῦ
1256 2889 1530 2970 παρατιθεμένου

224 2978 266 3050 τά
284 2979 480 3068 κυριώτατα
496 2987 569 3051 τῶν
585 2978 766 3070 δογμάτων
780 2979 867 3070 πρὸς
881 2984 994 3054 πειθώ
1011 2991 1085 3054 τῶν
1099 2979 1329 3070 ἀκροωμένων
1344 2987 1430 3070 (καί)
1446 2991 1528 3052 θαυ-

169 3099 205 3150 ·.).·»
221 3077 353 3166 μασμὸν
375 3083 565 3168 έγγεννῶσα
588 3098 660 3162 τοις
681 3089 941 3170 κατηχοιμένοις
964 3091 1043 3170 [καὶ]
1064 3081 1151 3170 πρὸς
1172 3081 1237 3170 τὴν
1260 3077 1424 3170 ἀλήθειαν
1443 3090 1530 3153 συνί-

222 3202 349 3268 οτησιν.
384 3175 579 3265 ἀξιόπιστος
601 3187 636 3251 δὲ
659 3175 679 3268 ἡ
702 3181 842 3270 τοιαύτη
865 3187 1074 3271 ψυχαγωγία,
1096 3178 1141 3252 δι’
1165 3173 1204 3270 ἧς
1225 3185 1475 3270 κεκαλυμμένην
1498 3182 1529 3254 σί
1548 3195 1626 3255 τοι

222 3287 423 3368 ηιλομαθεις
443 3284 690 3366 παραδέχονται
711 3280 775 3370 τὴν
790 3277 966 3370 ἀλήθειαν,
988 3280 1074 3364 πρὸς
1089 3281 1130 3352 τὸ
1145 3277 1229 3370 μήτε
1245 3275 1384 3366 αύ<τούς
1401 3285 1528 3368 δοκεῑν>

227 3377 291 3466 την
315 3385 522 3466 φιλοσοφίαν
545 3385 764 3466 λυμαίνεσθαι
788 3378 851 3450 τὸν
874 3387 957 3464 βίον,
984 3385 1121 3466 φευδιύν
1140 3375 1352 3468 πραγμάτων
1370 3389 1426 3450 καλ
1446 3379 1529 3466 φαύ-

222 3487 296 3546 λων
321 3481 430 3566 ἔργων
455 3473 659 3566 δημιουργόν
681 3473 908 3566 ύπάρχουσαν,
932 3472 951 3566 ᾖ
973 3507 1063 3562 τινες
1081 3477 1342 3568 διαβεβλήκασιν.
1365 3473 1527 3568 ἀληθείας

166 3599 204 3646 ειυ
222 3567 326 3648 οὖσαν
341 3573 455 3648 εἰκόνα
470 3579 601 3666 ἐναργῆ,
624 3583 722 3648 θείαν
738 3575 871 3666 δωρεάν
885 3571 1020 3666 Ἕλλησι
1036 3583 1227 3668 δεδομένην,
1243 3575 1326 3668 μήτε
1344 3573 1428 3667 ἡμᾶς
1444 3575 1526 3652 ἀκο-
1545 3595 1563 3650 2

283 3827 370 3966 ³22¹
395 3827 493 3894 πιστὸς
524 3820 850 3897 εὖ-κατεγνωσμένων
877 3831 950 3884 Sacr.
979 3830 1038 3884 Par.
1065 3830 1115 3885 209
1142 3829 1218 3892 1101st
1254 3829 1389 3884 Antonius
1416 3830 1526 3884 Melissa

221 3929 244 3982 p.
264 3915 313 3967 125
357 3929 436 3967 αιτιοι·

305 4107 498 4180 θκαρύουίι1
516 4109 690 4182 καρρύοιὼ*
771 4109 1294 4182 5θρυλούμεναίιίθριλλούμεναίι*
1375 4103 1474 4176 θούσ
1491 4131 1527 4166 αν

218 4195 250 4248 st
268 4189 304 4248 ἂν
322 4195 342 4248 1,
360 4197 392 4264 δη
410 4193 456 4248 Wi
540 4195 576 4250 12
600 4193 736 4266 γεωργὸς]
755 4193 831 4252 αίτία
844 4194 991 4250 Markland
1008 4195 1132 4266 χορηγὸς
1150 4195 1258 4258 Nauck.
1278 4193 1350 4250 Bull.
1369 4195 1403 4250 δε
1421 4193 1525 4250 l'Acad.

220 4277 253 4334 de
276 4279 313 4334 st„
334 4277 609 4346 Petembffloswj
632 4277 726 4335 &⁶231
746 4283 826 4338 Aum.
914 4281 952 4334 1ss
975 4275 1018 4347 εἴη
1043 4281 1071 4348 ιίγ
1110 4280 1257 4334 Markland
1348 4281 1385 4334 λθ
1413 4277 1526 4348 φράσει]

217 4363 308 4434 κρίσει
327 4362 373 4418 wi
454 4363 494 4419 2⁰
507 4361 664 4436 ἐμπειρίας]
681 4361 834 4434 ἐπιστήμης
848 4365 920 4418 Sacr.
934 4365 994 4418 ίότ.
1008 4368 1072 4419 Ant.
1153 4361 1207 4432 θτι]
1225 4359 1272 4419 ὅτε
1292 4363 1362 4417 Saer.
1382 4361 1442 4416 Par.
1462 4367 1525 4416 Ant.

266 4449 330 4504 ΞΗ
370 4449 545 4518 καλ-[καλ]
573 4447 618 4502 wi
708 4451 747 4504 25
774 4445 936 4518 έγγεννῶσα
963 4451 998 4517 Sy
1029 4445 1177 4518 έγγενιῖνσα
1206 4449 1225 4502 L
1312 4447 1376 4502 ΞΗ
1401 4449 1525 4516 συνίστη·

218 4533 273 4602 σινΙ
306 4533 491 4602 συναίσθησιν
525 4533 591 4588 oder
620 4531 730 4588 σύνεσιν
766 4531 912 4586 Markland
945 4529 1115 4602 συνάσκησιν
1144 4533 1223 4586 Schw
1315 4532 1355 4587 λθ
1388 4535 1525 4600 κεκαλυμ·

217 4617 306 4686 μένην
328 4615 394 4686 (ng.
413 4617 483 4672 2.·λι
507 4615 553 4672 Wi
578 4615 803 4684 κακονμένηνίι
884 4617 921 4670 27
951 4613 987 4670 αι’·
1002 4615 1067 4682 τούς
1083 4619 1177 4672 δοκεῖν
1214 4615 1260 4670 Wi
1287 4607 1362 4670 αύίι
1442 4617 1482 4670 29
1509 4635 1523 4684 η

217 4699 251 4754 St
275 4699 347 4770 ἢνίι
