3738 5536
670 483 810 539 stromata
828 485 848 541 1.
873 485 937 556 Cap.
956 485 975 538 1.
993 485 1017 550 6,
1030 487 1122 544 3-10,
1137 487 1159 540 1.
1549 493 1566 552 7

258 655 366 718 θείων
388 643 505 736 λόγων
525 642 732 736 παραδοχὴν,
754 653 864 734 κρίσιν
885 639 1028 734 εύλογον
1043 645 1107 736 τὴν
1121 655 1237 718 πίστιν
1250 653 1460 737 κεκτημένος.
1495 649 1568 720 έπε-

258 776 314 818 ται
336 753 370 818 δὲ
397 750 535 818 ἐνθένδε
562 743 656 835 αύτῷ
680 743 700 836 ἡ
721 749 834 819 πειθώ
861 751 898 817 ἐκ
924 755 1125 834 περιουσίας.
1167 753 1224 818 καὶ
1252 744 1349 818 τοῦτ’
1372 739 1415 836 ἢν
1437 747 1503 836 άρα
1526 749 1567 820 τὸ

256 845 475 934 προφητικὸν
497 851 619 918 ἐκεῖνο·
645 845 722 916 »ἐάν
743 845 788 934 μὴ
808 844 1022 934 πιστεύσητε,
1045 843 1123 917 οὐδὲ
1144 845 1188 938 μὴ
1211 853 1358 934 συνῆτει
1408 844 1482 934 »ἄρ’
1507 839 1568 920 οὖν

258 943 307 1028 ώς
329 943 448 1036 καιρόν
468 947 600 1036 ἔχομεν,
632 945 852 1036 ἐργαζώμεθα
873 945 914 1018 τὸ
937 942 1070 1036 άγαθόν
1091 945 1177 1033 πρὸς
1199 945 1341 1029 πάντας,
1363 945 1509 1036 μάλιστα
1531 953 1565 1018 δὲ

221 1042 345 1130 ῦπρός
366 1044 447 1126 τούς
470 1052 612 1129 οίκείους
633 1051 695 1134 τῆς
715 1053 890 1128 πίστεως.ι
934 1047 1074 1130 ἕκαστος
1096 1051 1131 1116 δὲ
1154 1045 1292 1118 τούτων
1313 1047 1401 1118 κατά
1422 1047 1486 1120 τόν
1507 1057 1605 1137 faa-8

257 1141 379 1232 κύριον
401 1151 505 1230 Δαβίδ
524 1141 732 1234 εὐχαριστῶν
755 1151 929 1230 ψαλλέτω·
967 1147 1132 1234 νραντιεῖς
1152 1174 1192 1234 με
1213 1142 1362 1236 ύοσώπῳ
1385 1153 1440 1216 καί
1462 1157 1568 1218 καθα-

258 1241 474 1334 ρισθὴσομαι,
497 1254 632 1327 πλυνεῖς
654 1275 694 1334 με
714 1252 771 1316 καὶ
792 1241 875 1332 ύπέρ
895 1240 993 1334 χιόνα
1015 1241 1296 1334 λευκανθὴσομαι.
1340 1241 1508 1328 άιιουτιείς
1529 1272 1569 1334 με

258 1339 471 1434 εὐφροσύνην
486 1350 541 1416 καί
558 1341 768 1434 άγαλλίασιν·
789 1341 1053 1433 άγαλλιάσονται
1068 1341 1153 1416 ὀστᾶ
1169 1351 1455 1434 τεταπεινωμένα.
1485 1341 1569 1416 άπό-

257 1465 407 1528 στρεψον
428 1441 470 1514 τό
492 1440 682 1532 πρόσωπόν
704 1467 765 1515 σου
786 1441 854 1516 άπὸ
878 1450 952 1516 τών
970 1439 1148 1533 άμαρτιών
1167 1473 1242 1534 μου,
1265 1451 1321 1514 καὶ
1345 1443 1406 1526 τάς
1429 1440 1569 1534 άνομίας

203 1563 240 1613 1ο
257 1571 323 1630 μου
347 1537 535 1630 ἐξάλειψον.
570 1548 712 1630 καρδίαν
733 1542 891 1630 καθαράν
912 1552 1031 1615 κτίσον
1052 1547 1089 1614 ἐν
1110 1547 1191 1632 ἐμοί,
1214 1539 1232 1614 ό
1256 1541 1345 1626 θεός,
1368 1550 1423 1614 καὶ
1438 1551 1568 1634 πνεῦμα
1587 1553 1605 1608 4

258 1637 357 1726 εύθὲς
386 1645 576 1732 ἐγκαίνισον
608 1647 646 1714 ἐν
676 1661 748 1726 τοῖς
778 1640 933 1731 ἐγκάτοις
957 1671 1029 1732 μου.
1070 1642 1115 1732 μὴ
1138 1639 1330 1732 άπορρίφης
1351 1671 1390 1732 με
1413 1639 1481 1716 άπὸ
1505 1651 1568 1716 τοῦ

258 1741 448 1830 προσώπου
470 1767 542 1826 σου,
564 1748 619 1812 καὶ
642 1740 683 1812 τό
704 1739 837 1831 πνεῦμά
859 1765 921 1814 σου
942 1739 983 1814 τό
1006 1735 1103 1831 όγιον
1125 1743 1170 1833 μὴ
1190 1740 1376 1832 άντανέλης
1399 1739 1461 1816 ἄπ’
1478 1749 1567 1834 ἐμοῦ.

257 1836 387 1924 άπόδος
407 1869 464 1930 μοι
492 1840 557 1930 τὴν
578 1838 777 1931 άγαλλίασιν
800 1847 862 1912 τοῦ
883 1849 1054 1932 σωτηρίου
1076 1867 1151 1926 σου,
1182 1849 1237 1914 καὶ
1260 1841 1428 1934 πνεύματι
1449 1840 1568 1934 ἡγεμο-

258 1946 342 2030 νικῷ
365 1937 524 2030 στήριξόν
544 1970 609 2030 μετ

203 2065 237 2116 τε
340 2033 373 2108 ‘0
394 2045 456 2129 μὲν
478 2033 540 2112 οὖν
561 2041 646 2128 πρός
668 2037 841 2130 παρόντας
863 2047 974 2128 λέγων
995 2046 1050 2112 καὶ
1069 2039 1181 2132 χρόνῳ
1204 2043 1372 2132 δοκιμάζει
1387 2050 1443 2114 καὶ
1463 2049 1567 2132 κρίσει
1584 2055 1642 2120 θ,ι

260 2135 383 2226 δικάζει
404 2147 462 2212 καί
484 2145 644 2228 διακρίνει
666 2146 741 2212 τών
763 2139 879 2212 ἄλλων
901 2139 965 2212 τὸν
986 2137 1061 2212 οίόν
1081 2169 1118 2213 τε
1135 2137 1277 2220 άκούειν,
1299 2146 1471 2230 ἐπιτηρῶν
1487 2143 1567 2225 τούς

259 2235 394 2324 λόγους,
426 2239 507 2322 τοὺς
529 2236 689 2328 τρόπους,
711 2239 755 2310 τά
777 2235 860 2328 ἤθη,
883 2237 947 2312 τόν
968 2249 1056 2324 βίον,
1080 2239 1141 2322 τάς
1162 2238 1321 2330 κινήσεις,
1352 2242 1413 2325 τὰς
1434 2248 1565 2330 σχέσεις,

261 2337 300 2408 τό
322 2345 463 2428 βλέμμα,
493 2337 535 2410 τὸ
558 2345 708 2430 φθέγμα,
739 2338 803 2429 τὴν
825 2347 973 2428 τρίοδον,
1005 2339 1070 2428 τὴν
1090 2345 1229 2428 πέτραν,
1262 2340 1327 2430 τὴν
1347 2348 1566 2432 πατουμένην

259 2433 353 2512 όδόν.
376 2437 441 2528 τὴν
459 2447 464 2524 Ι
483 2435 709 2528 καρποφόρον
730 2445 803 2530 γῆν,
826 2437 890 2528 τὴν
911 2435 1148 2528 ύλομανοῦσαν
1168 2439 1298 2526 χώραν,
1331 2439 1394 2530 τὴν
1416 2435 1566 2528 εὔφορον
1585 2454 1664 2510 11εε8

203 2561 240 2614 ’.υ
257 2543 312 2606 καὶ
333 2535 443 2628 καλὴν
464 2545 519 2608 καλ
542 2546 812 2628 γεωργουμένην,
843 2537 908 2628 τὴν
934 2535 1207 2610 πολυπλασιάσαι
1230 2537 1293 2608 τὸν
1315 2536 1445 2627 σπόρον
1467 2545 1564 2612 δυνα-

256 2643 370 2726 μένην.
413 2631 432 2708 6
463 2641 499 2707 δὲ
529 2633 574 2708 δι’
606 2635 862 2758 ὑπομνημάτων
892 2643 1010 2708 λαλῶν
1039 2635 1125 2724 πρὸς
1156 2637 1219 2708 τόν
1250 2636 1334 2708 θεὸν
1364 2635 1602 2725 άφοσιοῦταικ

258 2742 366 2806 ταῦτα
391 2737 565 2826 κεκραγώς
586 2733 775 2826 ἐγγράφως,
806 2737 851 2826 μὴ
872 2742 1010 2824 κέρδους
1038 2739 1146 2818 ἕνεκα,
1177 2735 1221 2826 μὴ
1244 2741 1438 2824 κενοδοξίας
1458 2735 1566 2826 χάριν

257 2835 300 2924 μὴ
322 2843 540 2928 προσπαθείῳ
563 2842 730 2919 νικᾶσθαι,
751 2835 795 2926 μὴ
819 2832 917 2925 φόβῳ
939 2841 1154 2920 δουλοῦσθαι,
1177 2835 1222 2926 μὴ
1238 2831 1343 2924 ἡδονῇ
1358 2841 1566 2922 ἐπαίρεσθαι,

256 2933 363 3024 μόνης
384 2941 421 3006 δὲ
444 2940 504 3025 τῆς
527 2943 599 3008 τῶν
621 2932 904 3024 ἐντυγχανόντων
925 2931 1111 3008 άπολαύειν
1130 2943 1309 3025 σωτηρίας,
1333 2966 1371 3024 ης
1386 2933 1464 3008 ούδέ
1477 2939 1566 3010 κατὰ

201 3033 297 3112 2316
320 3033 434 3122 παρόν
454 3033 710 3124 μεταλαμβάνει,
741 3032 827 3108 άλλά
849 3040 960 3108 ἐλπίδι
982 3031 1246 3124 άπεκδεχόμενος
1270 3035 1334 3126 την
1354 3031 1569 3126 άποδοθησο-

255 3142 361 3224 μένην
382 3133 524 3219 πάντως
545 3131 687 3226 άμοιβὴν
708 3135 799 3222 παρὰ
822 3141 886 3207 τοῦ
901 3135 964 3208 τόν
979 3133 1105 3224 μισθόν
1119 3153 1193 3216 τοῖς
1208 3131 1363 3222 ἐργάταις
1377 3163 1441 3206 κατ
1447 3130 1569 3221 ’άξίαν

255 3232 449 3306 άποδώσειν
472 3231 709 3324 ύπεσχημένου.
745 3231 824 3306 ἀλλ’
847 3231 925 3306 οὐδὲ
948 3231 1162 3324 άντιμισθίιις
1184 3239 1339 3320 ἐφίεσθαι
1359 3235 1422 3324 χρὴ
1446 3242 1497 3324 τῷ
1521 3241 1600 3318 είςίί

256 3335 381 3423 ἄνδρας
402 3337 652 3424 ἐγγραφομένῳ.
683 3329 725 3406 ού
746 3333 808 3424 γάρ
831 3329 850 3406 6
872 3339 934 3422 μὲν
955 3331 1204 3424 καυχησόμενος
1221 3329 1375 3404 εύποιίαν
1391 3333 1455 3422 τὴν
1470 3330 1563 3422 άμοι·

255 3431 318 3522 ,λίην
339 3431 527 3522 άπείληφεν
549 3429 594 3503 δι’
617 3429 780 3520 εὐδοξίας
812 3429 831 3504 6
854 3439 889 3504 δὲ
913 3440 986 3504 τῶν
1007 3429 1255 3522 προσηκόντων
1277 3427 1321 3504 δι’
1345 3429 1563 3522 άντιμισθίαν

199 3529 419 3656 ινπράσσων
449 3561 495 3608 τι,
528 3562 603 3622 ητοι
636 3529 684 3614 ώς
714 3528 857 3620 εύεργός
883 3531 1040 3604 σπεύδων
1061 3527 1288 3616 άπολαβείν
1268 3561 1286 3619 η
1311 3529 1359 3614 τός
1379 3533 1611 3624 κακοεργὸςθ
1606 3543 1663 3597 'lP

256 3631 319 3721 τὴν
331 3629 488 3754 ἀμοιβὴν
514 3629 783 3752 περιιστάμενος
812 3628 885 3720 οόχί
908 3637 950 3718 τῇ
972 3653 1114 3718 κοσμικη
1136 3637 1284 3718 ἐνέχεται
1306 3640 1483 3723 συνηθείη;
1514 3640 1564 3704 δεῖ

253 3729 341 3802 δὲ’
313 3762 361 3816 ως
382 3729 458 3802 οίόν
480 3761 515 3803 τε
540 3729 602 3802 τόν
623 3729 934 3852 κύριονμιμεισθαι.
970 3721 1169 3812 061036'u
1150 3759 1193 3800 αν
1215 3735 1264 3820 είη
1287 3725 1305 3800 6
1329 3760 1379 3820 τῳ
1363 3729 1598 3854 ’θελήματι4

254 3859 316 3902 τοι
310 3837 423 3904 θεοῦ
444 3835 676 3950 ἐξυπηρετῶν
703 3829 837 3920 δωρεάν
859 3831 987 3913 λαβών
1019 3829 1151 3916 δωρεάν
1171 3829 1296 3912 διδούς
1326 3829 1451 3919 μισθόν
1473 3829 1562 3918 άξιό

254 3942 360 4020 λογον
387 3927 642 4020 άπολαμβάνων
668 3929 733 4019 τὴν
754 3938 933 4002 πολιτείαν
958 3926 1079 4020 αύτην·
1112 3926 1193 4002 »ούκ
1219 3929 1436 4001 εἰσελεύσεται
1458 3936 1491 4000 δε
1515 3937 1562 4013 είς

209 4053 233 4098 ι’,
255 4061 296 4102 τα
327 4023 404 4119 άγια
431 4037 592 4120 μίσθωμα
621 4026 769 4118 πόρνηςτ
803 4037 912 4119 φησίν.
955 4027 1133 4118 ἀπείρηται
1163 4035 1247 4117 γοῦν
1277 4035 1481 4176 προσφέρειν
1508 4037 1559 4120 τῷ
1581 4039 1655 4100 101

337 4225 427 4282 Ηεε,
446 4227 470 4292 λ,
488 4229 504 4278 θ
583 4225 655 4280 3-5
674 4223 734 4280 Gal.
751 4227 776 4290 ο,
789 4225 822 4280 10
902 4223 1240 4288 6-141226569-14
1321 4224 1559 4294 15ssvgl.l‘lat0

252 4309 367 4366 l'hnedr.
387 4329 411 4381 p.
430 4311 481 4366 215
499 4307 547 4364 DE
629 4310 739 4366 18-21
761 4309 816 4380 vgl.
835 4307 933 4364 nauh.
954 4309 997 4372 13.
1016 4309 1095 4372 3-83
1114 4307 1201 4364 Mark.
1219 4313 1243 4374 ί,
1261 4309 1340 4374 3-8;
1359 4309 1427 4366 Luk.
1446 4311 1474 4372 8,
1491 4309 1559 4366 4-8

285 4395 396 4451 25-27
422 4393 478 4464 vgl.
497 4393 596 4448 Matth.
616 4395 687 4460 20‚4
768 4393 832 4450 281
852 4393 909 4464 νηί.
927 4393 1025 4448 Mutus.
1037 4395 1092 4457 δι’)
1170 4394 1210 4450 88
1230 4393 1284 4463 vgl.
1298 4393 1396 4449 Μετέλλα.
1411 4397 1479 4458 ms

248 4477 350 4534 ³4-s.
364 4479 421 4544 &1
447 4477 502 4548 vgl.
521 4478 599 4534 θεολ
617 4479 659 4544 23,
678 4479 711 4532 18
728 4478 779 4533 mit
796 4479 837 4539 23,
855 4478 895 4534 2f

336 4653 373 4706 λθ
391 4654 441 4720 την
460 4653 650 4724 καρποφόρον
668 4659 720 4722 γῆν
738 4673 773 4702 ω
791 4653 838 4707 Mu
855 4653 925 4706 nach
942 4649 1041 4722 χώραν
