3772 5532
634 565 772 620 stromata.
790 565 823 620 11.
847 565 912 638 Cap.
924 564 983 621 XX.
1002 567 1217 634 101,σ-111,3.
1522 573 1578 636 173

273 721 366 811 ὅστις
395 723 623 818 ἀθαυμάστως
653 733 708 800 καί
740 722 935 816 ἀσυγχύτως
966 746 1039 810 τοῖς
1068 727 1238 818 πράγμασι
1261 727 1420 820 χρήσεται
1442 723 1503 816 ἀφ’
1528 721 1579 800 ῶν

273 825 315 898 τά
345 823 443 916 πάθη
474 824 633 917 ὁρμᾶται,
665 829 740 900 οἶον
767 835 772 912 ί
799 825 940 916 πλούτῳ
970 835 1027 898 καί
1057 837 1156 920 πενίη
1186 837 1242 900 καὶ
1273 825 1354 916 δόξη
1375 837 1430 900 καὶ
1452 825 1579 920 ἀδοξίᾳ,
1596 839 1681 896 1811)

272 922 364 1018 ύγείρ
385 933 440 998 καί
464 925 570 1016 νόσῳ,
603 934 671 1016 ξωῆ
698 933 752 997 καί
776 923 935 1016 θανάτῳ,
967 922 1066 1017 πόνῳ
1088 935 1144 1000 καὶ
1167 925 1281 1018 ήδονῆ.
1325 933 1380 1002 ἵνα
1402 927 1465 1017 γὰρ
1488 925 1616 1000 ἀδιαλ

273 1021 389 1114 φόρως
412 1043 485 1108 τοῖς
508 1021 706 1115 ἀδιαφόροις
728 1025 944 1116 χρησώμεθα,
976 1033 1107 1117 πολλῆς
1135 1023 1213 1116 ἡμῖν
1239 1033 1289 1100 δεῖ
1308 1034 1488 1118 διαφορᾶς,
1521 1019 1580 1100 άτε

238 1129 589 1215 σπροκεκακωμένοις
620 1122 779 1215 ἀσθενείᾳ
808 1131 921 1214 πολλῆ
951 1131 1007 1196 καί
1038 1132 1295 1217 προδιαστροφῆ
1320 1133 1425 1248 κακῆς
1446 1125 1581 1218 ἀγωγῆς

272 1231 386 1298 τεκαὶ
409 1230 540 1314 τροφῆς
566 1223 650 1314 μετά
677 1221 824 1314 ἀμαθίας
852 1221 1201 1312 προαπολελαωιόσιν.
1245 1221 1263 1298 ό
1285 1232 1348 1317 μὲν
1369 1254 1432 1298 ουν
1452 1221 1581 1310 ἀπλοῦς
1601 1233 1694 1302 11⁰,1

273 1321 375 1414 λόγος
397 1329 459 1414 τῆς
479 1319 563 1394 καθ’
586 1320 672 1414 ήμᾶς
694 1331 899 1411 φιλοσοφίας
921 1321 964 1394 τὰ
986 1321 1084 1414 πάθη
1106 1321 1222 1398 πάντα
1242 1331 1506 1416 ἐναπερείσματα
1522 1331 1582 1415 τῆς

273 1429 381 1513 ιρνχῆς
408 1446 511 1513 φησιν
539 1424 624 1494 εἶναι
651 1429 712 1512 τῆς
739 1428 917 1512 μαλθακῆς
943 1429 998 1494 καί
1021 1421 1173 1514 εἰκούσης
1193 1433 1250 1498 καί
1273 1426 1349 1498 οίον
1370 1429 1581 1514 ἐναποσφρα-

273 1531 415 1612 γίσματα
430 1529 504 1596 τῶν
522 1530 797 1612 »πνευματικῶνι
816 1519 1003 1612 δυνάμεων,
1025 1521 1112 1612 πρὸς
1127 1520 1166 1608 ἀς
1184 1520 1223 1614 »ἡ
1234 1522 1329 1614 ,πάλη
1346 1521 1452 1614 ήμίνι.
1481 1527 1582 1614 ἔργον
1603 1545 1621 1600 2

223 1637 255 1690 10
272 1619 349 1710 γάρ,
381 1621 486 1712 οίμαι,
519 1641 592 1706 ταις
618 1619 820 1711 κακούργοις
846 1617 1025 1710 δυνάμεσιν
1051 1626 1199 1712 ἐνεργεῖν
1225 1653 1259 1698 τι
1286 1629 1347 1714 τῆς
1373 1628 1458 1706 ίδίας
1481 1625 1582 1710 ἓξεως

272 1717 358 1810 παρ’
382 1722 504 1793 ἕκαστα
530 1727 712 1812 πειρᾶσθαι
737 1727 785 1806 είς
811 1721 853 1794 τὸ
875 1726 1172 1810 καταγωνίσασθαι
1194 1729 1250 1793 καί
1271 1721 1582 1814 ἐξιδιοποιήσασθαι

274 1821 355 1904 τοὺς
377 1817 626 1912 ἀπειπαμένους
648 1817 761 1904 αύτάς.
804 1819 921 1892 ἕπεται
947 1815 979 1890 δ’
1003 1817 1146 1905 εἰκότως
1173 1821 1254 1905 τούς
1274 1828 1336 1911 μὲν
1356 1830 1620 1894 καταπαλαίε·θ

273 1931 369 2006 σθαι,
399 1913 472 1992 ὅσοι
498 1927 534 1992 δὲ
560 1917 844 2010 ἀθλητικῶτερον
870 1917 934 1992 τόν
955 1917 1072 2010 ἀγῶνα
1093 1927 1380 2010 μεταχειρίζονται
1401 1918 1583 2012 πάμμαχον

274 2015 520 2108 ἀγωνισάμενοι
545 2027 601 2090 καὶ
636 2027 729 2110 μέχρι
756 2027 819 2092 τοῦ
845 2017 1017 2107 στεφάνου
1037 2017 1262 2110 χωρήσαντες,
1285 2023 1320 2092 αί
1345 2027 1583 2110 προειρημένοι

224 2135 257 2188 15
275 2115 429 2209 δυνάμεις
455 2125 493 2192 ἐν
514 2127 636 2210 πολλῷ
661 2125 712 2210 τῷ
735 2117 854 2210 λύθρῳ
882 2117 962 2192 τότε
989 2117 1030 2210 δῆ
1053 2115 1229 2192 ἀπαυδῶσι
1251 2116 1482 2208 θαυμάζονσαι
1504 2120 1584 2206 τούς

276 2215 489 2307 νικηφόρους.

363 2325 438 2391 Τῶν
460 2317 524 2408 γάρ
545 2323 756 2407 κινουμένων
779 2315 821 2389 τά
843 2321 904 2407 μὲν
926 2313 1004 2390 καθ’
1028 2313 1137 2410 όρμήν
1155 2325 1211 2390 καί
1225 2327 1418 2406 φαντασίαν
1431 2327 1622 2404 κινείται,4

277 2413 325 2500 ῶς
347 2417 390 2489 τὰ
413 2425 493 2508 ζῷα,
516 2417 561 2490 τὰ
583 2422 618 2489 δὲ
641 2415 729 2489 κατὰ
750 2413 948 2506 μετάθεσιν,
980 2413 1028 2501 ῶς
1054 2417 1097 2490 τά
1119 2418 1240 2506 ἀψυχα.
1282 2429 1450 2490 κινεισθαι
1472 2425 1507 2490 δὲ
1529 2425 1584 2490 καί

277 2523 349 2588 τῶν
372 2512 516 2606 ἀιρύχων
538 2516 582 2589 τὰ
605 2517 696 2604 φυτά
717 2525 950 2606 μεταβατικῶς
973 2539 1076 2604 φασιν
1098 2521 1144 2600 είς
1165 2511 1314 2606 αύξησιν,
1346 2521 1375 2589 εί
1395 2547 1447 2601 τις
1469 2513 1585 2602 αύτοτς

226 2631 260 2682 20
278 2615 388 2706 ἀψυχα
410 2618 497 2688 εἶναι
519 2614 725 2708 συγχωρήσει
752 2617 796 2689 τὰ
822 2612 921 2704 φυτά.
966 2617 1066 2702 ἕξεως
1091 2623 1152 2706 μὲν
1173 2608 1236 2688 οὖν
1258 2619 1291 2688 ολ
1312 2625 1421 2702 λίθοι,
1453 2615 1585 2704 φύσεως
1606 2627 1698 2690 111,1

277 2720 312 2786 δὲ
334 2715 378 2788 τά
400 2713 505 2803 φυτά,
533 2712 638 2806 ὁρμῆς
660 2721 695 2787 δὲ
716 2723 771 2787 καί
794 2721 981 2804 φαντασίας
1003 2721 1076 2786 τῶν
1098 2741 1136 2785 τε
1157 2707 1199 2786 αὖ
1221 2719 1313 2788 δυεῖν
1337 2723 1407 2788 τῶν
1428 2743 1584 2806 προειρη-

277 2821 390 2904 μίνων
419 2821 474 2886 καί
505 2815 548 2887 τά
579 2815 686 2905 ἄλογα
716 2821 845 2905 μετέχει
868 2823 947 2906 ζῷα.
990 2811 1011 2904 ή
1038 2813 1156 2904 λογικῆ
1183 2820 1218 2887 δὲ
1241 2813 1388 2902 δύναμις,
1411 2819 1478 2886 ἰδία
1501 2807 1620 2887 ούσα2

278 2919 338 3003 τῆς
369 2909 587 3002 ἀνθρωπείας
622 2921 743 3004 ψυχῆς,
779 2911 839 3002 ούχ
875 2910 1039 2998 ῶσαύτως
1072 2932 1146 2996 τοῖς
1179 2909 1316 3003 ἀλόγοις
1344 2912 1445 3004 ξηόοις
1476 2909 1584 3003 ὁρμᾶν

279 3007 419 3100 ὀφείλει,
454 3009 542 3085 ἀλλά
571 3021 627 3084 καὶ
661 3019 844 3101 διακρίνειν
880 3012 940 3096 τάς
971 3021 1168 3102 φαντασίας
1197 3021 1253 3085 καὶ
1282 3011 1327 3104 μή
1358 3017 1584 3101 συναποφέρε-
1601 3030 1680 3086 1708

228 3123 261 3178 25
279 3123 358 3184 σθαι
380 3109 504 3196 αύταις.

360 3215 405 3283 At
427 3220 547 3284 τοίνυν
569 3206 732 3302 δυνάμεις,
755 3217 831 3298 περὶ
855 3202 907 3282 ῶν
928 3208 1115 3302 εἰρήκαμεν,
1137 3209 1246 3300 κάλλη
1260 3220 1314 3284 καί
1331 3207 1431 3296 δόξας
1445 3221 1500 3284 καί
1515 3231 1623 3302 μοι-ε

279 3319 369 3400 χείας
389 3318 445 3382 καί
469 3308 593 3402 ήδονάς
616 3321 672 3382 καί
698 3309 859 3394 τοιαύτας
886 3311 982 3393 τινάς
1009 3317 1195 3398 φαντασίας
1217 3311 1431 3396 δελεαστικάς
1453 3319 1586 3402 προτεί-

282 3435 374 3482 νουσι
396 3430 469 3495 ταις
484 3408 698 3500 εάεπιφόροις
713 3429 843 3498 ψυχαῖς,
866 3407 1022 3496 καθάπερ
1037 3411 1069 3482 οί
1084 3407 1337 3495 ἀπελαύνοντες
1352 3410 1395 3484 τὰ
1410 3419 1586 3502 θρέμματα

281 3509 430 3592 θαλλοὺς
450 3517 678 3600 προσείοντες,
700 3511 783 3596 εἶτα,
805 3508 1116 3598 κατασοφισάμεναι
1135 3509 1216 3594 τούς
1230 3509 1274 3600 μή
1291 3517 1474 3599 διακρίνειν
1489 3517 1585 3600 δυνη·

231 3617 406 3694 1οθἐντας
436 3607 500 3700 τήν
530 3603 645 3699 ἀληθῆ
679 3605 748 3681 ἀπό
780 3615 924 3698 ψευδοῦς
955 3605 1082 3700 ήδσνήν
1111 3616 1165 3681 καί
1198 3611 1238 3682 τὸ
1269 3606 1433 3700 ἐπίκηρόν
1462 3639 1500 3682 τε
1531 3616 1586 3681 καὶ

367 3846 412 3902 21
430 3845 487 3916 vgl.
505 3847 585 3916 Πίος.
604 3847 693 3902 Ιιεοτίι
713 3845 763 3901 v11
783 3848 833 3903 102
901 3849 920 3903 9
943 3847 1041 3918 Ephes.
1059 3849 1082 3910 6,
1102 3847 1134 3902 12
1204 3847 1317 3904 11-25
1337 3847 1430 3916 Chrys.
1449 3846 1492 3902 Fr.
1510 3846 1586 3917 phys.

281 3931 331 3984 114
352 3929 461 3996 Arnim
488 3931 544 4002 vgl.
567 3931 648 3986 Philo
671 3931 736 4000 Leg.
759 3931 840 4000 alleg.
861 3933 959 3988 11221
983 3933 1006 4000 (1
1024 3949 1049 4003 p.
1069 3933 1164 4000 1111);
1192 3931 1256 3998 Quis
1279 3949 1330 3987 rer·
1348 3931 1403 3986 div.
1420 3931 1476 3986 her.
1496 3933 1544 3985 131
1564 3931 1586 3998 (1

281 4032 306 4170 g.
323 4015 375 4155 ἐξ)
392 4014 445 4152 ἓ),
474 4015 548 4086 Orig.
567 4015 600 4070 de
618 4018 687 4070 orat.
706 4019 768 4081 θ,1
851 4017 890 4072 29
917 4033 950 4072 zu
977 4015 1100 4082 θαλλοὺς
1126 4017 1272 4088 προσείειν
1299 4013 1353 4084 vgl.
1373 4013 1453 4070 Plato
1471 4013 1586 4069 Phaedr.

370 4301 384 4358 1
405 4297 598 4369 ἀθαυμάοτως
615 4301 755 4370 Βγιιαίετ,
774 4299 868 4356 Journ.
886 4301 918 4355 οί
933 4301 1066 4356 Phi101.4
1084 4301 1170 4368 (1872)
1189 4317 1214 4370 p.
1233 4301 1284 4356 ‘209
1306 4303 1480 4368 θαυμαστῶς
1498 4299 1519 4354 1,

283 4383 487 4456 θάδιαφόροις
504 4385 632 4454 Bywater
648 4384 835 4457 διαφόροιςΙι
907 4381 1084 4458 χρησώμεθα
1102 4383 1192 4454 Ηεγεε
1211 4384 1400 4454 χρήσωμαιλι
1474 4384 1586 4440 azaz*

281 4475 371 4538 κακῆς
388 4468 476 4524 Ηίίίετ
551 4467 588 4524 14
607 4465 853 4540 ἀγωνισάμενοι-
858 4471 1039 4540 χωρήσαντες
1051 4469 1147 4524 Lowth
1166 4461 1588 4540 ἀγωνισάμενοι-χωρῆσασαι

284 4553 304 4608 L
382 4553 419 4608 11
444 4549 608 4608 casm
678 4555 715 4610 21
736 4553 783 4610 δελ
801 4553 888 4608 Ηίίίετ
905 4553 976 4609 τελι
1046 4553 1085 4608 28
1104 4550 1286 4622 ἀνθρωπείας
1304 4553 1341 4622 (εί
1358 4553 1535 4616 comanti)
1554 4552 1588 4606 L¹

317 4639 357 4694 22
376 4637 557 4708 προσείοντες
575 4637 771 4706 Ηεωείετίιαγε
787 4637 833 4693 σοί
850 4637 987 4693 Ruhnken
1005 4655 1038 4692 zu
1055 4637 1123 4692 Tim·
1143 4637 1205 4694 Lex.
1224 4657 1249 4710 p.
1263 4640 1313 4694 138
1334 4635 1498 4712 προσιίντες
1516 4637 1537 4692 L

283 4721 324 4778 ⁸⁰
342 4717 463 4792 ψεύδους
482 4721 502 4776 L
526 4728 599 4792 τῆς·
619 4724 740 4792 ψευδοῦς
758 4722 793 4791 sy
