3704 5530
515 543 652 598 stromata
672 545 717 600 Vl.
740 545 804 616 Cap.
817 543 888 598 xvl.
908 543 1188 616 14Qs-cnp.xv11.
1208 547 1265 612 151,
1277 547 1301 600 3.
1488 551 1549 614 509

241 703 357 788 αῦτοῖς
384 701 403 778 ό
430 713 503 792 βίος
529 705 570 776 τό
601 705 754 778 πιθανὸν
780 713 947 796 ζητοῦσιν,
975 703 1016 778 οῦ
1037 705 1078 778 τὸ
1101 705 1243 798 άληθές·
1266 713 1303 780 έκ
1324 703 1491 797 μιμήσεως
1513 715 1546 780 δέ

241 803 386 897 ἀλήθεια
417 803 459 878 οῦ
488 805 693 888 διδάσκεται,
725 801 804 878 ἀλλ’
836 811 873 878 έκ
902 805 1091 896 μαθήσεως.
1143 805 1184 880 οῦ
1215 806 1278 897 γάρ
1309 809 1365 880 ἵνα
1395 805 1584 898 δόξωμενὸ

243 909 325 978 εέναι
341 913 506 996 (χρηστοί,
529 912 591 994 είς>
610 905 760 996 Χριστόν
782 904 992 997 πιστεύομεν,
1015 903 1171 996 καθάπερ
1193 903 1272 980 οῦδὲ
1294 911 1340 992 είς
1363 907 1427 980 τὸν
1448 903 1549 998 ἥλιον

243 1003 339 1078 ένειιά
369 1034 406 1097 γε
436 1011 500 1078 τοῦ
530 1015 710 1095 φαίνεσθαι
739 1003 848 1096 μόνον
874 1011 912 1079 ἐν
937 1003 1024 1098 ἡλίῳ
1052 999 1154 1090 ὄντας
1180 1003 1442 1098 παρερχόμεθα,
1474 1003 1546 1080 ἄλλ’
1565 1017 1649 1074 818?

208 1139 225 1192 5
243 1109 393 1178 ἐνταῦθα
414 1113 476 1196 μὲν
498 1112 561 1178 τοῦ
584 1102 800 1179 ἀλεαίνεσθαι
821 1103 928 1196 χάριν,
951 1111 1020 1179 ἐκεῖ
1039 1113 1075 1178 δὲ
1097 1113 1160 1178 τοῦ
1181 1108 1266 1179 εἶναι
1284 1115 1385 1180 καλοὶ
1399 1115 1454 1178 καὶ
1470 1103 1549 1196 άγα-

243 1213 300 1278 θολ
332 1207 427 1277 ἕνεκα
450 1213 649 1296 Χριστιανοὶ
678 1207 763 1280 εἶναι
784 1203 982 1294 βιαζόμεθα,
1014 1201 1069 1278 ότι
1090 1203 1237 1296 μάλιστα
1267 1213 1436 1294 ιβιαστιῦν
1456 1209 1550 1278 ἐστιν

243 1301 262 1394 ἡ
285 1313 463 1390 βασιλείατ,
486 1311 523 1378 ἐκ
546 1304 716 1396 ζητήσεως
743 1311 797 1378 καί
821 1303 1002 1396 μαθήσεως
1023 1313 1078 1378 καί
1101 1305 1335 1398 συνασκήσεως
1358 1313 1486 1388 τελείας
1509 1305 1549 1376 τὸ

243 1411 398 1493 γενέσθαι
420 1412 557 1488 βασιλέα
578 1411 835 1496 καρπουμένων.
871 1401 891 1478 ό
912 1405 1115 1496 μιμούμενος
1137 1405 1202 1494 ἄρα
1217 1405 1282 1496 τὴν
1298 1403 1438 1494 δόκησιν
1452 1411 1550 1476 δολοῖ
1570 1407 1664 1474 ¹⁶⁰‚l

242 1511 297 1574 καὶ
328 1505 393 1594 τὴν
422 1504 604 1594 πρόληψιν.
656 1499 743 1577 ὅταν
778 1510 815 1576 δέ
850 1533 902 1588 τις
937 1507 1084 1592 ἔναυσμα
1115 1505 1230 1590 λαβιόν
1260 1533 1324 1578 του
1352 1502 1549 1595 πράγματος

194 1635 226 1686 10
243 1599 350 1690 έξάφη
378 1611 483 1676 τοῦτο
506 1607 608 1678 ἔνδον
629 1609 667 1676 έν
689 1612 733 1694 τῇ
755 1611 844 1694 φυχῇ
865 1603 970 1694 πόθῳ
991 1611 1046 1676 καί
1068 1602 1227 1694 μαθήσει,
1257 1602 1373 1678 πάντα
1394 1611 1450 1676 έπί
1472 1603 1549 1676 τοῦ·

246 1731 317 1786 τοις
339 1721 427 1776 κινεῖ
445 1703 533 1794 πρὸς
555 1703 596 1775 τό
618 1709 812 1790 ἐπιγνῶναι.
855 1695 896 1776 οῦ
918 1701 981 1792 γάρ
1004 1733 1055 1786 τις
1076 1703 1120 1794 μὴ
1143 1700 1440 1795 άντιλαμβόνεται,
1472 1700 1587 1776 οῦδδὲ

244 1813 348 1874 ποθεῖ
368 1799 452 1874 αῦτό
475 1799 553 1875 οῦδὲ
575 1801 759 1890 άσπάζεται
781 1801 847 1893 τὴν
869 1807 903 1890 ἐξ
926 1800 1032 1876 αῦτοῦ
1053 1801 1231 1892 ὠφέλειαν.
1266 1803 1306 1876 τό
1329 1797 1473 1894 ῦστερον
1488 1795 1588 1874 οῦνδ

244 1898 263 1972 ό
286 1901 474 1990 γνωστικός
495 1905 550 1974 ἐπὶ
573 1909 662 1976 τέλει
685 1909 758 1974 τῶν
780 1900 1068 1994 κατορθωμάτων
1089 1923 1235 1996 μιμεῖται
1257 1903 1321 1976 τὸν
1341 1901 1474 1994 κόριον,
1504 1909 1551 1986 είς

245 1997 327 2074 ὅσον
358 2001 500 2089 ἐφικτὸν
531 1999 746 2090 άνθριόποις,
778 1999 948 2094 ποιότητά
979 2031 1058 2076 τινα
1087 2003 1250 2094 κυριακὴν
1277 2005 1393 2090 λαβὼν
1414 2006 1460 2088 είς
1481 2007 1550 2090 ἐξο-

194 2131 226 2184 lb
244 2110 387 2192 μοίωοιν
417 2107 508 2188 θεοῦ.
552 2107 584 2174 οἱ
615 2109 649 2175 δὲ
681 2103 725 2194 μὴ
756 2101 973 2192 ἐπιστάμενοι
1002 2107 1068 2192 τὴν
1097 2112 1225 2194 γνῶσιν
1252 2101 1330 2176 οῦδὲ
1358 2108 1551 2189 κανονίζειν

245 2200 405 2272 δῦνανται
429 2199 492 2290 τὴν
514 2198 686 2292 ἀλήθειαν.
722 2199 999 2292 μεταξλαμβάνειν
1020 2195 1083 2274 οῦν
1104 2211 1177 2274 τῶν
1198 2211 1400 2293 γνωστικαῖιν
1419 2215 1549 2292 θεωρη-
1567 2210 1587 2266 4
1605 2210 1685 2268 2938

244 2299 365 2390 μάτων
386 2297 446 2390 οῦχ
467 2297 544 2372 οἶόν
567 2331 618 2384 τε,
641 2301 701 2374 δάν
721 2302 766 2392 μὴ
789 2309 863 2374 τῶν
884 2307 1065 2390 προτέρων
1087 2300 1328 2392 διανοημάτων
1348 2303 1551 2392 κενώσωμεν

246 2399 393 2484 ἑαυτοῦς.
435 2396 554 2484 άπλῶς
577 2400 640 2492 γάρ
661 2399 774 2485 οῦτως
800 2396 945 2490 άλὴθεια
967 2409 1092 2484 κοινῶς
1114 2409 1246 2492 λέγεται
1268 2399 1400 2484 παντὸς
1422 2407 1551 2490 νοητοῦ

246 2507 359 2572 τεκαὶ
381 2506 556 2590 αἰσθητοῦ.
599 2499 720 2573 αότίκα
747 2505 855 2573 ἔνεστι
882 2497 1072 2572 θεάσασθαι
1093 2507 1148 2572 καὶ
1171 2509 1365 2590 ζωγραφίας
1384 2496 1587 2590 άλὴθειανὸ

194 2623 229 2678 20
245 2599 336 2688 παρὰ
368 2599 432 2690 τὴν
462 2601 600 2690 δημιόδη
631 2609 687 2674 καὶ
717 2607 876 2692 μουσικῆς
911 2597 1103 2690 σεμνότητα
1133 2599 1225 2690 παρά
1256 2601 1321 2692 τὴν
1350 2595 1551 2672 άκόλαστον.

245 2707 301 2770 καὶ
324 2709 528 2788 φιλοσοφίας
550 2693 613 2772 οῦν
635 2705 726 2772 ἐστιν
748 2697 893 2791 άλήθειά
916 2729 968 2784 τις
989 2700 1080 2790 παρὰ
1104 2701 1183 2784 τοῦς
1198 2699 1326 2782 ἄλλους
1341 2696 1551 2786 φιλοσόφους

245 2807 299 2870 καί
331 2796 457 2882 κάλλος
488 2797 657 2890 άληθινὸν
684 2801 776 2889 παρά
804 2800 844 2872 τὸ
871 2806 1115 2892 δεδσλωμένον.
1158 2793 1284 2874 οῦκσυν
1305 2804 1391 2871 ποτε
1413 2795 1475 2880 τὰς
1495 2802 1587 2870 έπίδ

245 2905 364 2986 μέρους
393 2895 568 2988 ἀληθείας,
599 2896 683 2971 καθ’
707 2893 758 2970 αόν
785 2897 805 2990 ἦ
831 2897 975 2992 άλὴθεια
1005 2919 1255 2990 κατηγορεῖται,
1288 2894 1396 2987 αῦτὴν
1423 2903 1458 2968 δὲ
1485 2897 1550 2987 τὴν

246 2996 413 3088 άλὴθειαν
434 3007 794 3090 πολυπραγμσνητέον,
817 2997 879 3073 οῦκ
901 2996 1054 3090 όνόματα
1073 3007 1258 3090 ζητοῦντας
1272 3007 1408 3090 μαθεῖν·
1430 2996 1550 3088 τὸγὰρ
1570 3007 1584 3062 ῖ

194 3119 227 3174 2ο
245 3105 320 3184 περὶ
344 3103 428 3170 θεοῦ
454 3105 590 3188 πρᾶγμα
618 3095 680 3170 οῦκ
701 3104 794 3172 ἔστιν
816 3102 866 3184 έν,
898 3097 985 3172 ἀλλὰ
1007 3107 1120 3190 μυρία,
1151 3105 1300 3188 διαφέρει
1321 3102 1357 3168 δὲ
1379 3096 1550 3170 τὸνθεόν

246 3209 358 3286 ζητεῖν
380 3193 400 3286 ἢ
424 3197 466 3269 τά
487 3203 561 3286 περί
585 3203 678 3270 θεοῦ.
719 3195 875 3271 καθόλου
900 3205 935 3272 δὲ
961 3205 1068 3272 εέπεῖν
1089 3207 1167 3286 περὶ
1188 3195 1331 3270 ἑκάστου
1351 3193 1551 3288 πράγματος

246 3303 307 3386 τῆς
329 3293 443 3380 σῦσίας
464 3297 507 3369 τὰ
529 3295 761 3388 συμβεβηκότα
782 3305 983 3388 διακριτέον.

329 3405 395 3468 Καί
416 3426 472 3486 μοι
493 3393 626 3488 άπόχρη
650 3395 754 3486 φάναι
775 3397 861 3471 θεὸν
882 3399 967 3470 εἶναι
990 3397 1054 3470 τὸν
1075 3395 1193 3486 κόριον
1215 3393 1367 3469 πάντων.
1409 3393 1549 3468 αότστε-
1571 3409 1666 3470 ῖῖΜ

248 3503 317 3580 λοῦς
339 3503 374 3567 δὲ
397 3501 485 3586 λέγω
508 3493 572 3568 τόν
593 3495 712 3586 κόριον
733 3495 888 3582 πάντων,
912 3494 1050 3580 οῦδενός
1071 3493 1342 3584 ῦπολειπομένου
1362 3496 1451 3568 κατὰ
1465 3499 1550 3582 ἐξαί-

195 3613 230 3668 30
247 3621 346 3682 ρεσιν.
386 3599 457 3668 ἐπεὶ
480 3605 599 3668 τοίνυν
621 3594 682 3668 δύο
705 3603 790 3668 εἰσίν
811 3603 895 3670 ἰδέαι
917 3602 979 3686 τῆς
1001 3593 1171 3688 άληθείας,
1195 3593 1238 3668 τά
1260 3624 1297 3666 τε
1320 3589 1474 3684 όνόματα
1494 3601 1587 3666 mn

247 3696 289 3766 τά
319 3691 513 3785 πράγματα,
545 3701 580 3768 οἳ
604 3701 666 3784 μὲν
689 3695 731 3768 τά
753 3691 907 3786 ὀνόματα
928 3703 1097 3786 λέγουσιν,
1128 3700 1160 3768 σί
1182 3701 1258 3784 περί
1282 3693 1324 3766 τὰ
1345 3692 1454 3784 κάλλη
1477 3701 1551 3766 τῶν

247 3793 361 3884 λόγων
391 3801 636 3884 διατρίβοντες,
668 3799 700 3868 οἱ
731 3792 815 3886 παρ’
830 3790 969 3886 Ἕλλησι
999 3793 1198 3884 φιλόσοφοι,
1231 3793 1274 3866 τά
1304 3789 1484 3882 πράγματα
1514 3799 1551 3864 δὲ

245 3891 330 3982 παρ’
352 3889 430 3984 η’μῖν
451 3899 523 3966 έστι
545 3914 619 3977 τοῖς
640 3891 826 3984 βαρβάροις.
865 3891 987 3968 αὐτίκα
1008 3891 1027 3966 ὁ
1049 3893 1164 3986 κύριος
1186 3891 1228 3966 οῦ
1249 3890 1361 3984 μάτην
1383 3888 1551 3982 ἠθέλησεν
1569 3903 1588 3958 ⁸

246 3989 374 4066 εότελεῖ
401 3991 588 4084 χρήσασθαι
619 3995 777 4082 σώματος
805 4001 935 4084 μορφῇ,
966 3993 1087 4086 ἵναμή
1110 4025 1162 4076 τις
1183 3992 1224 4065 τὸ
1247 3989 1378 4082 σόραῖον
1399 3996 1551 4063 ἐπαινῶν

331 4187 375 4244 θλ
391 4187 446 4260 vgl.
465 4187 566 4244 Matth.
587 4193 625 4254 11,
646 4191 690 4254 12;
708 4189 806 4244 suom.
825 4189 862 4244 lv
881 4192 906 4256 δ,
923 4193 939 4245 3
1022 4189 1134 4246 12-15
1152 4189 1208 4258 νηί.
1227 4187 1308 4243 Plato
1326 4185 1439 4242 Ἡιεαεί.
1457 4203 1482 4257 p.
1501 4187 1551 4242 176

245 4273 292 4328 AB
374 4272 509 4342 mvgl.
526 4273 580 4329 δει
599 4275 640 4340 δθ,
658 4273 710 4338 λίς
734 4273 815 4330 Pu&
835 4274 872 4330 111
890 4277 915 4340 3,
932 4277 962 4340 33
984 4273 1083 4330 strom.
1101 4273 1139 4327 111
1158 4273 1250 4340 um

330 4463 349 4517 δ
375 4494 377 4502 =
386 4463 512 4532 χρηστοί,
530 4459 583 4530 ele>
602 4462 669 4533 (υςΙ.
686 4463 786 4518 strom.
805 4463 828 4516 11
848 4465 888 4528 18,
906 4465 933 4526 8)
952 4461 1041 4532 Ηεηιε
1067 4459 1197 4534 (ἀγαθοί,
1224 4459 1277 4528 είς·
1297 4461 1336 4516 Ρο
1363 4461 1479 4530 (πιστοί,
1496 4457 1549 4528 τίς)

246 4547 325 4602 Scbw
345 4547 532 4618 «Χριστιαισί,
558 4545 612 4614 είς)
632 4547 679 4602 Ma
759 4543 877 4614 δόντες
900 4547 946 4600 Wi
1027 4547 1071 4604 δέ
1089 4549 1174 4604 καλοί
1198 4548 1248 4604 καὶ
1273 4542 1383 4617 δγαθολ
1400 4547 1436 4616 Sy
1462 4543 1552 4602 καλὸν

246 4631 295 4688 καί
312 4627 465 4703 δμαθδνῐι
551 4633 678 4688 soom
703 4631 770 4702 (ng.
793 4631 820 4686 7.
841 4631 885 4700 22)
906 4631 941 4686 L²
965 4633 1049 4700 δηλοῖ
1072 4631 1108 4684 h·
1188 4631 1321 4687 θτοῦῐ.
1402 4629 1440 4687 21
1459 4625 1552 4696 ἄλλως

246 4717 354 4772 Μδαιεί
435 4715 475 4774 24
492 4719 646 4786 ζητοῦντας
663 4717 711 4772 Mt
727 4719 875 4786 ζητοῦντες
892 4713 913 4768 Ιι
992 4715 1032 4772 2⁸
1050 4717 1144 4786 ζητεῖν
1161 4715 1208 4770 Wi
1225 4713 1316 4773 εἰπεῖν
1334 4715 1355 4768 Ιι
