3704 5530
565 541 704 598 strom
718 542 761 598 ει
785 543 849 616 cap.
863 543 921 598 xv.
941 545 996 608 τεο,
1012 545 1119 612 ι-ωε
1131 545 1155 600 2
1453 551 1513 614 493

211 731 305 792 τηοις
333 697 417 795 όρμὴ
445 707 499 776 ἐπί
524 703 566 778 τὸ
588 715 802 792 καταλαβεῖν,
829 703 885 780 διά
912 736 1019 780 τινων
1040 715 1188 798 σημείων
1209 704 1452 798 ἀνευρίσκουοα
1474 705 1515 779 τὸ

208 802 444 892 ἀποκείμενον,
476 799 496 894 6
527 797 654 894 εὕρεσις
677 810 713 877 δε
738 813 843 896 πέρας
868 815 924 879 καί
950 803 1137 890 ἀνάπαυσις
1164 803 1336 898 ζητήσεως
1356 811 1394 880 ἐν
1414 833 1516 878 κατα-

210 902 311 995 λήψει
343 897 589 994 γενομένης,
569 933 655 992 οπερ
684 903 826 978 ἐστίν“
806 936 827 996 η
860 913 991 996 γνῶσις.
1033 913 1089 978 καί
1119 899 1205 996 αῦτη
1235 913 1360 995 κυρίως
1390 899 1516 995 εῦρεσίς

210 1009 303 1076 ἐστιν
325 999 357 1094 [6
378 1007 529 1094 γνῶσις],
550 1001 742 1124 κατάληψις
764 1003 936 1097 ζητήσεως
961 1002 1165 1098 ῦπάρχουσα.
1213 1002 1406 1096 σημείσνδ
1430 1006 1515 1078 εέναί

176 1121 192 1172 5
210 1129 291 1190 φασι
314 1103 355 1176 τό
376 1101 634 1194 προηγούμενον
656 1099 677 1194 ἢ
699 1101 917 1195 συνυπάρχον
937 1133 958 1196 η
942 1101 1157 1196 ἑπόμενον.

298 1209 360 1294 Τῆς
386 1212 506 1276 τοίνυν
530 1211 607 1292 περὶ
633 1209 718 1276 θεοῦ
744 1202 915 1294 ζητήσεως
936 1199 1062 1294 εὕρεσις
1083 1212 1145 1296 μὲν
1167 1203 1187 1296 6
1210 1205 1264 1277 διά
1287 1210 1350 1278 τοῦ
1371 1207 1447 1278 υίσῦ
1468 1211 1628 1284 dle-1261

211 1311 382 1388 δασκαλία,
404 1321 540 1394 σημείου
561 1308 597 1375 δέ
619 1309 683 1376 τοῦ
703 1303 790 1376 είναι
812 1303 875 1377 τόν
896 1310 1035 1394 σωτῆρα
1057 1301 1155 1396 ἡμῶν
1176 1301 1283 1378 αῦτὸν
1304 1301 1513 1378 ἐκεῖνοντὸν

211 1399 285 1476 υίόν
307 1407 370 1474 τοῦ
391 1408 478 1476 θεοῦ
498 1407 538 1474 αί
553 1431 591 1476 τε
612 1400 862 1494 προηγούμενα
883 1409 945 1494 τῆς
965 1410 1152 1494 παρουσίας
1174 1400 1281 1476 αῦτοῦ
1299 1421 1514 1496 προφητεῖαι,

211 1509 338 1574 τοῦτον
367 1501 605 1594 κηρῦσσουσαι,
637 1505 676 1574 a?
703 1531 741 1574 τε
771 1501 1022 1594 συνυπάρξασαι
1047 1511 1090 1594 τῇ
1116 1511 1240 1593 γενέσει
1266 1501 1373 1577 αῦτοῦ
1398 1510 1441 1594 τῇ
1467 1509 1515 1578 αί-

161 1617 194 1670 10
210 1609 323 1692 σθητῇ
348 1607 424 1690 περί
451 1597 558 1674 αῦτοῦ
582 1609 773 1692 μαρτυρίαι,
804 1600 892 1692 πρὸς
917 1609 953 1676 δέ
978 1611 1034 1676 καί
1060 1607 1127 1692 (al)
1149 1602 1234 1695 μετὰ
1255 1603 1321 1724 την
1343 1599 1515 1694 ἀνάληψιν

209 1699 455 1791 κηρυσσόμεναί
477 1729 512 1772 τε
535 1709 591 1774 καί
613 1705 773 1791 ἐμφανῶς
787 1701 999 1794 δεικνῦμεναι
1013 1699 1168 1791 δυνάμεις
1183 1697 1297 1776 αῦτοῦ.
1332 1701 1550 1794 τεκμήριον..
1533 1721 1551 1758 ⁰

210 1799 275 1888 ἀρα
301 1807 365 1873 τοῦ
388 1793 470 1888 παρ’
491 1797 571 1890 ἧμιν
598 1799 745 1874 είναι
709 1829 773 1891 την
799 1795 967 1894 ἀληθειαν
992 1801 1034 1876 τὸ
1061 1798 1168 1874 αῦτὸν
1195 1798 1325 1890 διδάξαι
1351 1801 1415 1874 τόν
1440 1800 1515 1874 υἱὸν

210 1905 273 1972 τοῦ
308 1905 407 1974 θεοῦ·
443 1905 473 1974 εί
507 1899 569 1992 γάρ
605 1906 681 1990 περί
718 1905 789 1972 κάν
819 1897 947 1992 ζήτημα
980 1901 1150 1976 καθαλικά
1185 1907 1294 1974 ταῦτα
1328 1898 1515 1990 εῦρίσκεται

208 1995 397 2086 πρόσωπόν
426 2029 463 2072 τε
492 2007 548 2072 καί
578 2005 728 2090 πρᾶγμα,
759 1997 780 2090 6
810 1993 923 2085 όντως
953 1995 1099 2092 ἀλήθεια
1129 1997 1209 2090 παρ’
1235 1997 1316 2092 ἡμίν
1345 2005 1515 2072 δείκνυται

159 2115 191 2166 15
209 2097 340 2190 μόναις,
371 2105 443 2173 ἐπεί
473 2096 664 2189 πρόσωπον
692 2107 754 2187 μέν
782 2107 843 2190 τῆς
873 2105 1088 2190 δακνομένης
1121 2096 1282 2192 ἀληθείας
1308 2094 1326 2171 6
1353 2097 1426 2184 υίὸς
1453 2104 1516 2172 τοῦ

209 2205 302 2277 θεοῦ,
326 2197 368 2270 τό
389 2205 527 2290 πρᾶγμα
548 2204 583 2270 δέ
606 2195 627 2289 6
649 2199 786 2290 δῦναμις
809 2206 871 2290 τῆς
891 2207 1038 2284 πίστεως
1060 2195 1150 2290 ἦκαί
1165 2197 1297 2282 παντὸς
1311 2195 1515 2274 οῦτινασοῦν

209 2303 473 2388 ἐναντιουμένου
508 2305 564 2370 καί
600 2294 706 2370 αῦτοῦ
741 2291 825 2370 όλου
859 2303 1077 2390 ἐνισταμένου
1113 2305 1177 2372 τοῦ
1211 2294 1340 2388 κόσμου
1369 2295 1515 2372 πλεονά-

210 2409 318 2484 ζουσα.
360 2393 434 2470 ἀλλ’
457 2402 528 2470 ἐπεί
556 2403 659 2472 τοῦτο
687 2394 946 2488 ἀνωμολόγηται
971 2405 1201 2490 βεβαιωθῆναι
1227 2402 1265 2470 ἐν
1290 2404 1443 2482 αίωνίοις
1465 2401 1552 2484 ἐρα

209 2525 281 2584 γοις
307 2501 363 2566 καί
389 2492 504 2586 λόγοις
530 2501 586 2566 καί
612 2503 764 2585 πέφηνεν
790 2493 854 2588 ἤδη
877 2494 1063 2583 κολάσεως,
1086 2495 1148 2570 οῦκ
1170 2495 1399 2588 ἀντιρρήσεως
1421 2497 1515 2584 ἄξιος

157 2613 192 2664 ‘20
210 2591 299 2678 άπας
325 2593 344 2667 6
370 2595 416 2687 μη
442 2604 591 2684 νομίζων
618 2595 705 2667 είναι
730 2593 901 2686 πρόνοιαν
925 2603 982 2670 καί
1008 2603 1060 2688 τῷ
1087 2591 1165 2670 ὄντι
1192 2595 1310 2680 ἀθεσς,
1336 2593 1514 2684 πρόκειται

209 2691 242 2768 δ’
266 2691 360 2784 ἡμίν,
388 2703 422 2768 τί
447 2701 628 2778 ποιοῦντες
653 2701 709 2766 καί
737 2703 815 2768 τίνα
842 2691 973 2783 τρόπον
998 2702 1152 2782 βωῦντες
1178 2701 1225 2778 είς
1247 2693 1313 2784 τὴν
1334 2699 1517 2786 ἐπίγνωσιν

210 2799 272 2868 τοῦ
300 2791 584 2884 παντοκράτορος
614 2801 700 2866 θεοῦ
729 2790 938 2884 ἀφικοίμεθα
966 2801 1022 2868 καί
1051 2801 1128 2878 πῶς
1158 2801 1325 2882 τιμῶντες
1352 2793 1393 2866 τό
1420 2805 1518 2869 θείαν

209 2901 323 2981 σφίσιν
353 2901 523 2986 σωτηρίας
558 2899 662 2966 αίτιοι
694 2899 885 2984 γινοίμεθα,
917 2891 959 2968 06
987 2893 1080 2986 παρά
1107 2901 1183 2966 τῶν
1209 2901 1399 2982 σοφιστῶν,
1429 2889 1518 2966 ἀλλά

208 2989 285 3082 παρ’
309 2989 414 3066 αῦτοῦ
439 2999 501 3064 τοῦ
525 2999 611 3066 θεοῦ
636 2989 777 3083 γνόντες
802 3000 857 3066 καί
885 2991 1057 3084 μαθόντες
1077 2993 1120 3068 τὸ
1143 2989 1324 3116 εῦάρεστρν
1346 2991 1451 3084 αῦτῷ,
1474 2993 1516 3065 τό

158 3099 191 3153 ‘25
209 3099 339 3164 δίκαιον
360 3087 458 3165 καί”
438 3117 535 3166 οσιον
556 3098 640 3182 δρᾶν
662 3097 880 3216 ἐγχειροῦμεν.
922 3092 964 3166 τὸ
986 3093 1154 3184 σῴζεσθαι
1175 3088 1245 3166 δΗ
1225 3098 1311 3184 υμᾶς
1332 3089 1553 3181 εῦάρεστσνί

209 3187 314 3282 αῦτῷ,
335 3189 433 3264 καί“
414 3223 434 3284 η
456 3199 608 3284 σωτηρία
629 3189 686 3266 διά
707 3221 745 3264 τε
766 3189 947 3283 εῦπραγίας
968 3191 1023 3266 διά
1046 3221 1083 3266 τε
1103 3193 1264 3284 γνώσεως
1282 3199 1513 3282 παραγίνεται,

210 3283 260 3364 εῦν
280 3287 325 3383 ἀμ
329 3299 417 3380 Ιφολν
439 3287 458 3364 6
480 3291 596 3382 κῦριος
617 3289 825 3376 διδάσκαλος.
1532 3309 1618 3366 802?

291 3397 402 3482 Είπερ
433 3383 496 3464 σῦν
524 3399 581 3464 καί
610 3391 699 3464 κατά
720 3387 939 3464 Πλάτωνα
917 3421 937 3482 η
964 3391 1056 3481 παρὰ
1083 3398 1147 3465 τοῦ
1172 3397 1258 3466 θεοῦ
1284 3387 1306 3481 ἢ
1328 3389 1421 3478 παρά
1444 3397 1516 3462 τῶν
1534 3411 1630 3476 ΙΞΜ

209 3489 363 3580 ἐκγόνων
389 3497 452 3564 τοῦ
479 3499 564 3564 θεοῦ
591 3490 632 3562 τό
659 3485 786 3582 ἀληθες
810 3489 1037 3580 ἐκμανθάνειν
1063 3487 1179 3582 μόνως
1202 3487 1278 3564 σίόν
1301 3519 1352 3574 τε,
1374 3485 1517 3570 είκότως

157 3605 191 3658 3ο
208 3591 299 3678 παρὰ
335 3599 409 3665 τῶν
443 3599 552 3662 θείων
582 3598 711 3682 λογίων
740 3589 784 3662 τά
812 3589 978 3680 μαρτῦρια
1007 3589 1223 3682 ἐκλεγόμενοι
1254 3589 1320 3680 τὴν
1349 3585 1517 3678 ἀλήθειαν

208 3685 373 3780 αῦγοῦμεν
408 3688 663 3764 ἐκδιδάσκεσθαι
694 3689 749 3762 διὰ
779 3697 843 3764 τοῦ
872 3693 948 3762 υίοῦ
977 3695 1040 3762 τοῦ
1069 3695 1169 3774 θεοῦ,
1200 3693 1517 3780 προφητευθέντων

207 3795 269 3876 μέν
296 3789 523 3878 τὸπρῶτον,
555 3795 674 3863 ἔπειτα
699 3795 735 3861 δέ
757 3797 812 3862 καί
833 3796 1143 3910 οαφηνισθέντων·
1167 3787 1210 3861 τά
1231 3792 1460 3878 συνεργοῦντα
1481 3791 1517 3858 δὲ

208 3887 293 3977 πρὸς
324 3888 388 3978 τὴν
417 3881 548 3978 εῦρεσιν
578 3895 640 3978 τῆς
669 3885 833 3980 ἀληθείας
859 3885 937 3962 οῦδέ
964 3885 1050 3962 αῦτά
1078 3867 1228 3980 ἀδόκιμα
1271 3884 1398 3980 ἦγοῦν
1420 3895 1552 3973 φιλο-.
1535 3905 1553 3940 ⁰

293 4093 337 4150 ίί
360 4093 416 4164 ερί.
434 4095 548 4150 Ariston
568 4095 678 4164 Αοαίγί.
696 4095 776 4168 prior.
795 4095 871 4152 1127
895 4111 920 4164 p.
939 4096 1058 4150 70⁸7—
1061 4093 1094 4150 10
1111 4101 1228 4165 σημεῖον
1245 4093 1275 4150 δέ
1291 4089 1425 4166 βούλεται
1442 4083 1517 4148 είναι

208 4177 346 4248 πρδτασις
370 4174 552 4248 ἀποδεικτικὴ
576 4175 718 4250 ἀναγκαία
740 4178 758 4250 6
780 4173 908 4247 ἔνδοξος·
928 4169 962 4233 οῦ
982 4177 1037 4250 γάρ
1056 4173 1140 4244 ὄντος
1156 4174 1245 4246 ἐστίν,
1272 4167 1342 4246 606
1359 4173 1516 4246 γενομένου

207 4261 349 4334 πρότερον
373 4257 435 4330 6⁰
418 4279 536 4336 ιοιερον
562 4261 663 4334 γέγονε
689 4259 723 4318 τδ
751 4268 887 4334 πρᾶγμα·
917 4270 1001 4320 τοῦτο
1029 4262 1147 4332 σημείδν
1173 4257 1232 4318 ἐστι
1253 4269 1304 4318 τοῦ
1325 4257 1475 4332 γεγονέναι
1498 4255 1515 4326 6

207 4364 288 4402 ειναι.
364 4347 428 4402 m
442 4347 559 4402 Theorie
577 4347 626 4404 der
643 4345 795 4409 Βίιείοτεας
814 4347 869 4418 vgl.
888 4363 911 4402 z.
930 4347 960 4404 B.
978 4351 1059 4402 Δυοί.
1078 4345 1114 4400 οδ
1131 4345 1255 4402 Ηετειιο.
1273 4345 1382 4412 18,13;
1399 4343 1455 4398 cio.
1476 4341 1515 4398 De

206 4431 262 4484 inv.
290 4431 360 4498 124,
378 4435 411 4486 ³⁴
499 4431 562 4486 ίθί
586 4429 642 4501 ερί.
665 4431 762 4486 strom
792 4430 815 4484 V
838 4435 898 4496 6,1
927 4430 979 4486 mit
1005 4435 1085 4486 Anm.
1171 4429 1237 4487 est
1260 4427 1315 4500 υςί.
1341 4429 1423 4484 Plato
1446 4427 1514 4482 vm.

207 4533 231 4586 ρ.
249 4517 284 4570 40
296 4515 356 4580 D&
374 4515 473 4572 Strom.
492 4515 514 4568 V
533 4517 575 4580 84,
595 4519 607 4570 1

291 4706 310 4762 ⁸
328 4703 484 4776 γενομένης
500 4723 570 4762 οοττ.
588 4721 637 4760 και
654 4703 805 4776 γινομένης
822 4706 856 4760 Ιιῑ
924 4707 943 4762 4
961 4707 988 4778 [6
1007 4705 1120 4778 γνῶσις]
1139 4705 1185 4760 wi
1256 4705 1294 4761 1⁰
1312 4700 1369 4774 (αλ)
1388 4703 1419 4758 St
