3784 5532
592 541 733 598 stromata
750 545 769 599 l.
792 542 857 614 Gap.
869 543 942 600 XXI.
961 543 1017 610 120,
1029 543 1138 608 3—1'24,
1150 545 1174 596 4.
1503 553 1540 612 77

231 711 326 792 ρίαις.
360 701 463 790 Ἰόβας
485 711 520 777 δὲ
542 711 619 796 περὶ
638 700 818 793 Ἀσσυρίων
839 703 983 794 γράφων
1005 701 1167 796 ὁμολογεῖ
1188 705 1253 796 τὴν
1274 709 1429 794 ἱστορίαν
1450 703 1578 794 πυράν

232 805 421 894 Βηραίσσου
454 809 646 894 εἰληφέναι,
683 812 866 894 μαρτυρῶν
896 804 961 895 τὴν
992 802 1158 896 άλὴθειαν
1194 801 1321 892 τάνδρί.
1371 799 1391 874 ό
1422 813 1578 876 τοίνυνσ

234 901 538 992 Ναβουχοδονόοορ
566 904 748 990 τυφλώσας
779 902 843 976 τόν
864 911 1029 976 Σεδεκίαν
1054 909 1101 986 είς
1124 911 1316 990 Βαβυλῶνα
1342 899 1466 992 άπάγει
1486 911 1541 974 καὶ

233 1003 297 1076 τόν
319 1003 406 1076 λαόν
432 1000 548 1076 πάντα
569 1011 748 1090 μετοικίζει
770 1009 836 1090 (καὶ
865 1013 993 1092 γίνεται
1015 1000 1036 1094 ἦ
1058 1009 1268 1092 αίχμολωσία
1290 1007 1344 1074 ἐπὶ
1368 1007 1428 1094 ἔτη
1450 1005 1542 1088 ίβδο·

196 1101 399 1194 σμῆκοντα)
426 1101 519 1192 πλὴν
546 1097 685 1192 όλίγων,
715 1106 750 1174 οἳ
775 1108 821 1186 είς
843 1107 1024 1193 Αίγυπτον
1044 1108 1247 1192 κατέφυγον.
1289 1101 1578 1194 προφητεύσυσιί

235 1209 270 1273 δέ
292 1209 347 1272 καλ
370 1207 424 1276 έπί
446 1207 611 1274 Σεδεκίου
641 1205 690 1274 ἔτι
710 1197 864 1292 Ἱερεμίας
893 1211 949 1275 καλ
971 1200 1170 1293 Ἀμβακοόμ,
1201 1206 1238 1274 έν
1265 1208 1300 1272 δὲ
1322 1209 1374 1293 τῷ
1396 1209 1541 1292 πέμπτῳ

232 1304 301 1374 ἔτει
323 1307 385 1392 τῆς
406 1309 574 1387 βασιλείας
594 1298 702 1373 αὐτοῦ
723 1305 760 1373 έν
783 1309 964 1387 Βαβυλῶνι
985 1300 1192 1392 προφητεύει
1214 1297 1379 1392 Ἰεζεκιὴλ,
1401 1297 1478 1392 μεθ’
1501 1295 1542 1374 όν

233 1401 353 1490 Ναοδμ
383 1395 402 1472 ό
429 1399 623 1492 προφήτης,
654 1402 770 1472 ἔπειτα
793 1400 933 1492 Δανιὴλ,
960 1398 1066 1474 πάλιν
1086 1393 1129 1472 αὖ
1154 1399 1238 1491 μετὰ
1261 1407 1388 1476 τοῦτον
1409 1429 1541 1492 προφη·

234 1500 390 1574 τεδουσιν
412 1499 559 1590 Ἀγγαῖος
590 1507 645 1572 καί
674 1507 839 1588 Ζαχαρίας
868 1505 923 1572 ίπί
945 1507 1086 1588 Δαρείου
1115 1507 1179 1572 τοῦ
1207 1499 1350 1587 προότου
1380 1505 1439 1592 έτη
1470 1499 1541 1586 δόο,

181 1615 214 1668 10
231 1597 314 1692 μεθ’
337 1594 379 1672 όν
405 1595 424 1672 ὁ
446 1604 485 1671 ὲν
505 1617 577 1683 τοῖς
598 1599 731 1670 δώδεκα
749 1593 914 1688 Ἄγγελος.
954 1600 1040 1690 μετὰ
1061 1607 1097 1672 δὲ
1119 1597 1270 1690 Ἀγγαῑον
1291 1607 1347 1672 καί
1370 1607 1541 1689 Ζαχαρίαν
1560 1608 1657 1674 128‚1

234 1707 378 1790 Νεεμίας
400 1695 419 1772 δ
440 1695 674 1788 ἀρχιοινοχόος
695 1693 922 1788 Ἀρταξέρξου,
953 1696 1027 1782 υίὸς
1049 1703 1085 1770 δὲ
1105 1695 1214 1790 ’.ίχηλί
1242 1706 1305 1772 τοῦ
1325 1697 1540 1790 Ἰσραηλίτου,

233 1805 407 1888 οἰκοδομεῖ
434 1797 500 1890 τὴν
529 1795 634 1871 πόλιν
654 1794 865 1888 Ἰερουσαλὴμ
895 1805 950 1870 καί
981 1797 1045 1872 τόν
1072 1800 1162 1872 νεοόν
1184 1795 1398 1886 ίπισκευάςει.
1440 1803 1477 1871 έν
1499 1807 1578 1888 τῆξ

233 1905 443 1991 αίχμαλωσίη
464 1897 572 1988 ταύτῃ
595 1905 724 1988 γίνεται
737 1893 859 1990 Ἐσθίγρ
878 1906 934 1970 καί
949 1903 1173 1988 Μαρδοχαῖος,
1196 1891 1238 1970 οὗ
1260 1903 1397 1988 φέρεται
1411 1907 1542 1984 βιβλίον

233 1997 282 2082 οός
310 2007 368 2072 καί
398 1996 440 2070 τό
472 2003 547 2068 τῶν
568 2004 829 2082 Μακκαβαίκῶυ.
871 1996 959 2070 κατὰ
990 1997 1055 2088 τὴν
1088 2004 1318 2088 αἰχμαλωσίαν
1345 1997 1476 2088 ταύτην
1498 2006 1578 2088 τῇθ

181 2113 214 2166 ιο
233 2095 338 2171 εἰκόνι
359 2103 539 2188 λατρεῦσαι
561 2095 605 2186 μὴ
628 2093 836 2186 θελήσαντες
857 2095 990 2187 Μισαὴλ
1012 2093 1166 2180 Ἀνανίας
1187 2125 1226 2168 τε
1246 2103 1303 2167 καί
1324 2093 1474 2186 ’Δςαρίος
1495 2101 1541 2182 είς

232 2195 379 2287 κάμινον
400 2203 627 2288 ἐμβληθέντες
647 2193 755 2284 πυρός
782 2192 828 2268 δι’
851 2201 1047 2284 ἐπιφανείας
1072 2193 1217 2286 άγγέλου
1238 2196 1415 2284 σῴζονται
1459 2193 1540 2270 τότε
1560 2213 1578 2267 4

233 2297 287 2370 διά
318 2294 490 2388 δράκοντα
513 2295 638 2386 Δανιὴλ
669 2301 716 2378 είς
746 2293 875 2368 λάκκον
905 2293 1062 2368 λεόντων
1088 2303 1226 2387 βληθείς
1257 2293 1325 2368 όπό
1356 2289 1540 2386 Ἀμβακούμ

231 2403 380 2490 προνοίη
401 2402 486 2468 θεοῦ
508 2405 648 2484 τραφείς
667 2397 841 2485 ίβδομαίος
857 2391 1077 2484 άνασῴςεται.
1112 2401 1263 2466 ἐνταῦθα
1277 2402 1332 2466 καί
1348 2395 1389 2466 τὸ
1404 2413 1541 2486 σημεῖον
1559 2411 1576 2464 5

231 2501 367 2586 ἐγένετο
389 2491 498 2580 Ἰωνᾶ,
528 2502 583 2566 καί
609 2501 737 2580 Ζωβίας
765 2493 820 2566 διά
840 2488 985 2584 Ῥαφαὴλ
1013 2501 1077 2566 τοῦ
1098 2493 1241 2586 άγγέλου
1262 2493 1403 2582 Σάρραν
1424 2495 1540 2586 ἄγεται

180 2609 214 2664 υ]
232 2613 387 2685 γυναῖκα,
418 2601 482 2667 τοῦ
511 2599 671 2684 δαίμονος
702 2589 807 2683 αδτῆς
836 2593 923 2666 ἑπτά
954 2593 1035 2676 τούς
1062 2594 1223 2682 πρώτους
1252 2600 1445 2685 μνηστῆρας
1466 2591 1540 2666 άνε-

232 2691 366 2778 λόντος,
387 2702 443 2766 καί
464 2693 550 2783 μετά
572 2691 636 2766 τὸν
654 2689 763 2782 γάμον
782 2700 912 2778 Τωβίου
933 2688 952 2764 δ
974 2693 1088 2784 πατὴρ
1102 2688 1209 2764 αότοῦ
1228 2701 1336 2780 Τωβίτ
1351 2691 1540 2778 άναβλέπει

231 2799 384 2867 ἐνταῦθα
400 2790 592 2884 Ζοροβάβελ
615 2800 718 2884 σοφίᾳ
741 2789 877 2882 νικήσας
898 2791 979 2876 τοός
1000 2787 1257 2880 ἀνταγωνιστάς
1278 2788 1433 2881 τυγχάνει
1447 2793 1539 2882 παρὰ
1559 2808 1655 2874 124,1

232 2903 374 2982 Δαρείου
396 2889 614 2982 οόνησάμενος
635 2887 827 2964 α’νανέωσιν
847 2887 1057 2982 Ἰερουσαλὴμ
1082 2899 1138 2962 καί
1163 2891 1247 2980 μετὰ
1265 2889 1385 2981 ’Ἑαδρα
1407 2895 1453 2976 είς
1475 2892 1539 2983 τὴν

231 2993 401 3084 πατρῴαν
422 2997 485 3082 γῆν
508 2988 737 3080 άναζεδγνυσι·
771 2987 816 3064 δι’
841 2985 882 3064 όν
905 2997 1034 3081 γίνεται
1061 2985 1343 3080 ήάπολδτριοσις
1369 2997 1433 3064 τοῦ
1456 2999 1575 3065 λαοῦὲ

180 3105 214 3160 25
230 3101 285 3164 καί
310 3087 329 3164 ό
352 3099 425 3163 τῶν
447 3089 693 3164 θεοπνεύστων
715 3087 969 3182 άναγνωρισμδς
995 3097 1051 3162 καὶ
1073 3087 1312 3181 άνακαινιομὸς
1333 3099 1464 3182 λογίων
1483 3099 1539 3164 καὶ

232 3191 274 3264 τό
305 3188 478 3280 σωτήριον
509 3189 626 3279 ἄγεται
655 3187 768 3278 πάσχα
797 3198 852 3262 καί
885 3189 978 3274 λύσις
1008 3186 1147 3274 όθνείας
1173 3194 1415 3282 ὲπιγαμβρείας.
1458 3213 1575 3282 προ-8

230 3289 403 3380 κεκηρόχει
425 3295 461 3362 δὲ
482 3298 538 3362 καί
562 3295 674 3378 Ιίῦρος
700 3297 706 3372 Ι
734 3289 798 3380 τὴν
818 3285 981 3379 Ἑβραίων
1003 3285 1296 3374 ἀποκατάστασιν,
1327 3297 1538 3382 τελεσθείσης
1555 3313 1641 3368 3931)

230 3396 266 3462 δὲ
301 3393 357 3462 ἐπί
388 3395 530 3478 Δαρείου
564 3395 627 3478 τῆς
660 3387 873 3479 ὑποσχέσεως
902 3384 923 3478 ἡ
955 3395 1028 3462 τῶν
1058 3393 1239 3476 ἐγκαινίων
1275 3389 1390 3480 άγεται
1426 3389 1550 3482 έορτὴ,

231 3491 351 3572 καθιδς
370 3498 427 3562 καί
449 3494 504 3562 έπί
527 3495 588 3576 τῆς
610 3495 743 3579 σκηνῆς.
786 3497 841 3560 καὶ
863 3495 992 3578 γίνεται
1016 3487 1059 3560 τά
1080 3486 1197 3562 πάντα
1219 3492 1277 3579 ἔτη
1300 3490 1362 3560 σόν
1384 3509 1456 3574 τοις
1479 3496 1539 3580 τῆς
1557 3507 1575 3562 4

316 3695 359 3752 Η
373 3693 446 3750 suba
463 3693 506 3752 Fr.
525 3697 556 3750 21
576 3693 648 3750 mo
666 3695 705 3748 111
723 3712 748 3766 p.
766 3695 818 3750 472
899 3693 994 3748 2-10
1012 3693 1068 3764 vgl.
1087 3693 1111 3746 ll
1125 3693 1195 3748 Κδτι.
1213 3695 1254 3758 25,
1273 3695 1297 3747 7.
1316 3695 1356 3746 11.
1375 3695 1421 3756 2&
1439 3693 1537 3750 ίατεω.

230 3781 271 3848 ⁴3,
290 3783 317 3844 λς
339 3777 438 3835 Enoch.
458 3783 481 3846 1,
499 3778 639 3842 almar.
658 3783 716 3846 6,1
799 3777 1262 3848 lotvgl.11Esr.11‚1;12‚1
1346 3777 1537 3848 14-16vgl.

230 3865 300 3922 Dm.
317 3867 342 3932 3,
359 3865 401 3920 21.
419 3865 460 3918 θλ.
478 3867 512 3920 95
594 3864 707 3920 16-18
730 3863 787 3934 vgl.
806 3863 854 3918 Bel
876 3881 902 3918 α.
921 3862 1029 3917 Βτεοίιο
1047 3863 1087 3917 31.
1106 3863 1208 3918 37-40
1230 3859 1365 3930 (Τίτεοδ.);
1394 3863 1422 3918 C.
1441 3859 1538 3924 Julius,

229 3947 605 4016 Bib1.stu&v13148.47
689 3949 801 4005 19—21
822 3945 1163 4017 vgmob.6‚12ff;3,8;
1187 3947 1342 4012 11,11-13
1423 3947 1537 4002 22-29

230 4031 479 4102 vgl.1ssur.3.4:
500 4032 768 4090 llh'sr.18-20.23

317 4203 332 4260 l
362 4193 453 4274 Ἰόβας
475 4201 537 4258 'rut
561 4199 701 4274 ίοάβαςίι
791 4219 840 4256 vor
863 4197 941 4272 παρὰ
960 4199 996 4252 ἰοί
1013 4205 1033 4271 β
1053 4215 1106 4254 τοο
1126 4199 1159 4252 L¹
1178 4199 1280 4270 gotilgt
1361 4199 1378 4254 2
1405 4200 1455 4268 την
1473 4191 1537 4266 &232-

230 4289 315 4342 θετον
328 4285 363 4341 Di
380 4284 536 4356 τάλὴθειαν
554 4287 574 4340 L
593 4283 731 4355 ἀληθειαν
749 4286 785 4354 8γ
865 4281 1031 4357 δπέμπτῳ]
1049 4287 1069 4341 ἕ
1087 4283 1111 4338 L
1195 4281 1400 4354 λιτροφητεδει
1418 4279 1540 4350 Scaliger

230 4369 345 4438 (ni-tor.
363 4369 475 4442 Synng.)
493 4369 722 4441 προφητεύουσιν
739 4371 761 4424 L
841 4371 860 4424 θ
879 4363 936 4426 ἔτει
952 4365 1074 4441 δευτέρῳ
1092 4368 1215 4438 Scaliger
1234 4367 1279 4422 bei
1291 4367 1436 4432 Villoison,
1453 4364 1538 4435 Epist.

232 4453 325 4510 vinu.
343 4455 377 4510 9³
458 4457 497 4512 1⁰
514 4449 636 4526 ἄγγελος
655 4454 690 4508 Vi
708 4455 763 4525 vgl.
782 4455 807 4508 S.
827 4457 867 4514 79.
887 4456 931 4518 17;
955 4453 997 4518 ὃθ,
1014 4455 1043 4516 9ς
1065 4453 1108 4516 84,
1127 4455 1173 4518 ¹53
1196 4452 1289 4508 const„
1308 4457 1403 4524 Δροσί.
1421 4451 1445 4504 11
1464 4450 1506 4516 28,
1525 4451 1538 4502 ἶ

230 4537 344 4600 {Nutu
361 4539 652 4612 Septuagintmudion
672 4539 709 4592 111
728 4539 753 4594 S.
773 4541 805 4594 13
824 4539 927 4606 Δοω.);
947 4539 1086 4605 chrysost,
1105 4553 1138 4590 το
1156 4537 1233 4592 Rom.
1252 4541 1275 4604 1,
1295 4541 1308 4590 l
1328 4554 1353 4606 p.
1371 4534 1458 4590 4271)
1475 4553 1501 4590 τι
1515 4541 1539 4588 b.

229 4621 390 4694 άγγοῐοςίι
471 4627 509 4682 18
529 4622 672 4692 αίσθὴρίι
754 4623 790 4680 21
810 4623 943 4694 τωβλγτίι
1025 4623 1063 4678 25
1084 4622 1161 4692 καίθ]
1179 4616 1278 4678 καθ’ίί
1299 4621 1376 4674 Sohw
1402 4615 1472 4688 Ιδτε>
1490 4620 1540 4676 καί

228 4709 262 4764 St
341 4709 380 4764 20
397 4705 625 4780 έιιιγαμβρίαςλι
704 4708 743 4764 29
763 4707 807 4776 (η)
826 4703 871 4762 ἐπὶ
892 4707 930 4762 Po
