3738 5536
646 483 785 539 stromata
802 485 822 538 I.
846 485 910 555 Gap.
929 485 948 540 I.
968 487 1007 552 13,
1020 487 1112 548 2-16,
1126 489 1147 540 1.
1512 497 1547 556 11

231 653 502 737 ποραπέμπσμαι
517 651 666 736 ἐκλέγων
681 645 926 738 ἐπιστημόνως,
950 647 1160 736 φοβούμενος
1175 645 1318 737 γράφειν
1333 647 1355 719 ά
1369 656 1423 720 καί
1440 657 1550 740 λέγειν

232 743 470 836 ἐφυλαξάμην,
493 741 534 819 οό
557 756 590 818 τί
611 775 680 818 που
702 757 849 836 φθονῶν
871 746 924 836 (οὐ
947 748 1010 838 γάρ
1032 754 1155 837 θέμις),
1186 749 1305 832 δεδιώς
1327 755 1363 820 δὲ
1386 749 1450 838 ἄρα
1471 761 1549 840 περὶ

234 853 314 916 τῶν
335 845 625 936 ἐντυγχανόντων,
647 845 692 938 μή
718 877 767 936 πη
790 849 922 936 ἐτέροσε·
946 858 1104 936 σφαλεῖεν
1125 855 1180 918 καὶ
1202 855 1297 920 παιδι
1318 845 1499 940 μάχαιραν,
1526 844 1547 938 ᾗ

233 969 342 1030 φασιν
372 947 404 1018 σί
434 942 747 1035 παροιμιαζόμενοι,
779 943 958 1036 ὀρέγοντες
989 945 1191 1036 εόρεθῶμεν.
1238 945 1297 1020 »οδ
1323 949 1386 1038 γάρ
1413 955 1483 1021 ἔστι
1505 948 1585 1022 τά4

196 1051 412 1132 ῦγραφέντα
439 1045 484 1136 μή
512 1043 606 1134 (οὐκ)
633 1052 804 1118 ἐκπεσεῖν(
832 1055 944 1120 καίτοι
971 1044 1139 1120 ἀνέκδοτα
1164 1045 1231 1118 όπό
1253 1045 1286 1137 γ’
1310 1055 1391 1138 ἐμοῦ
1412 1077 1548 1139 μεμενη

233 1141 339 1220 κότα.
370 1141 554 1233 κυλιόμενα
580 1151 615 1216 δὲ
643 1141 691 1218 άεὶ
722 1143 809 1236 μόνη
831 1153 890 1240 μιᾷ
911 1148 1068 1236 χρώμενα
1091 1156 1132 1236 τῇ
1155 1145 1314 1238 ἐγγράφῳ
1338 1157 1439 1240 φωνῇ
1461 1149 1548 1236 πρὸς

235 1241 303 1314 τόν
333 1241 582 1333 ἐπανερόμενον
613 1241 714 1316 οὐδέν
742 1253 849 1318 πλέον
880 1246 971 1336 παρά
1002 1247 1045 1318 τά
1075 1253 1284 1336 γεγραμμένα
1314 1244 1547 1338 άποκρίνεται·

231 1349 343 1414 δεῖται
369 1341 432 1434 γάρ
454 1347 489 1430 ἐξ
510 1340 658 1434 ἀνάγκης
677 1353 810 1434 βοηθοῦ
831 1342 910 1435 ἦτοι
932 1353 996 1419 τοῦ
1017 1354 1296 1436 συγγραφαμένου
1318 1343 1339 1436 ἢ
1361 1357 1417 1420 καὶ
1440 1349 1546 1422 ἄλλου

232 1472 301 1514 του
324 1446 370 1526 είς
391 1441 432 1514 τό
455 1439 540 1514 αότό
563 1447 654 1531 ἴχνος
669 1443 897 1535 ἐμβεβηκότσς.
929 1449 1049 1517 ἔστιδὲ
1065 1443 1155 1517 άκαί
1172 1453 1335 1532 αίνίξεταί
1349 1476 1405 1538 μοι
1422 1447 1544 1538 γραφή,
1566 1464 1640 1528 15‚1

181 1559 213 1608 1¹·
231 1548 290 1614 καί
314 1560 387 1624 τοῖς
400 1549 461 1630 μὲν
475 1540 735 1632 παραστήσεται,
758 1543 801 1615 τά
817 1551 851 1616 δὲ
865 1541 973 1634 μόνον
987 1549 1062 1635 ἐρεῖ,
1086 1544 1281 1634 πειράσεται
1296 1552 1401 1618 δὲκαὶ
1417 1545 1545 1619 λανθά-

233 1665 341 1714 νουσα
364 1647 469 1712 είπεὶν
488 1650 545 1712 καὶ
568 1647 840 1734 ἐπικρυπτομένη
862 1648 1006 1733 ἐκφῆναι
1028 1652 1082 1716 καὶ
1106 1651 1209 1731 δείξαι
1232 1651 1405 1718 σιωπῶσα.
1441 1643 1485 1718 τά
1507 1658 1580 1718 τεθ

230 1739 329 1828 παρὰ
352 1748 425 1812 τῶν
447 1740 620 1832 ἐπισήμων
640 1741 908 1832 δογματιζόμενα
930 1747 1093 1832 αἱρέσεων
1114 1743 1363 1834 παραθήσεται,
1390 1753 1446 1814 καὶ
1469 1744 1544 1815 τοό-

231 1870 309 1924 τοις
340 1837 475 1929 άντερεί
501 1838 613 1914 πάνθ’
645 1836 707 1912 όσα
737 1849 1075 1933 προσικονομηθήναι
1105 1841 1247 1934 καθήκει
1277 1851 1339 1934 τῆς
1366 1843 1454 1916 κατά
1481 1843 1545 1934 τήν

231 1940 426 2030 ἐποπτικήν
444 1951 449 2026 ί
468 1949 619 2032 θεωρίαν
639 1940 812 2030 γνώσεως,
840 1942 860 2032 ἢ
882 1941 1088 2033 προβήσεται
1112 1940 1190 2033 ἡμῖν
1211 1945 1299 2016 κατὰ
1324 1943 1406 2016 »τόν
1427 1941 1545 2034 εόκλεή
1562 1959 1646 2014 325Ρ

182 2055 213 2108 15
231 2047 289 2112 καί
317 2039 441 2129 σεμνόν
467 2047 528 2130 τῆς
554 2037 774 2130 παραδόσεως
799 2038 946 2112 κανόναι
977 2040 1045 2115 άπό
1068 2050 1128 2133 τῆς
1150 2049 1213 2115 τοῦ
1234 2040 1363 2134 κόσμου
1384 2052 1545 2133 γενέσεως

230 2147 431 2228 προϊοῦσιν.
468 2141 544 2228 (τά)
581 2137 773 2230 ἀναγκαίως
809 2143 931 2229 ἔχοντα
966 2149 1269 2233 προδιαληφθῆναι
1305 2149 1367 2232 τῆς
1403 2149 1545 2234 φυσικῆς

234 2248 385 2328 θεωρίας
413 2248 736 2330 προπαρατιθεμένη
767 2247 822 2312 καί
855 2240 898 2311 τά
924 2242 1085 2326 ἐμποδῶν
1106 2239 1269 2331 ἱστάμενα
1292 2251 1334 2331 τῇ
1356 2237 1547 2334 άκολουθίᾳ

231 2347 536 2430 προαπολυομένη,
568 2337 616 2422 οίς
647 2342 801 2428 ἑτοίμους
832 2343 918 2429 ἔχειν
944 2340 1005 2424 τάς
1027 2338 1131 2424 άκοὰς
1152 2341 1239 2430 πρός
1262 2342 1326 2432 τὴν
1347 2340 1547 2432 παραδοχὴν

232 2445 297 2530 τῆς
326 2446 515 2528 γνωστικῆς
544 2435 762 2527 παραδόσεως
792 2448 1115 2530 προκεκαθαρμένης
1147 2449 1208 2532 τῆς
1234 2447 1295 2530 γῆς
1320 2435 1388 2512 άπό
1411 2450 1545 2514 τετῶν

179 2551 214 2606 20
231 2537 401 2612 ἀκανθῶν
430 2550 487 2612 καί
517 2545 578 2628 τῆς
608 2535 695 2620 πόας
726 2535 856 2630 άπάσης
887 2547 1079 2630 γεωργικως
1101 2546 1148 2622 είς
1169 2540 1419 2628 καταφότευσιν
1441 2537 1542 2630 άμπε·

232 2647 357 2724 λῶνσς.
399 2637 495 2728 άγών
516 2638 579 2728 γάρ
601 2647 657 2710 καί
684 2633 702 2709 ό
729 2640 892 2727 προαγὼν
918 2647 974 2712 καὶ
995 2636 1160 2729 μυστήρια
1183 2638 1225 2711 τά
1246 2638 1313 2724 πρὸ
1336 2649 1542 2728 μυστηρίων.
1561 2659 1580 2716 θ

232 2736 312 2811 αι’δὲ
344 2733 478 2829 όκνήσει
511 2737 759 2828 συγχρήσασθαι
790 2749 994 2826 φιλοσοφίας
1023 2747 1079 2808 καὶ
1111 2745 1172 2828 τῆς
1195 2738 1300 2828 άλλης
1320 2743 1543 2824 προπαιδείας

233 2857 307 2922 τοῖς
336 2846 530 2920 καλλίστοις
560 2836 603 2909 τὰ
634 2833 859 2930 όπομνήματα
890 2836 976 2928 ἡμῖν.
1020 2835 1061 2910 σά
1086 2836 1149 2926 γὰρ
1175 2835 1284 2928 μόνον
1306 2834 1351 2908 δι’
1373 2833 1580 2926 Ἑβραίουςλ

231 2945 287 3008 καί
305 2937 385 3022 τούς
407 2933 473 3008 άπὸ
496 2935 606 3028 νόμον
626 2937 714 3010 κατά
737 2938 801 3010 τόν
823 2935 1020 3012 ἀπόστολον
1039 2931 1182 3028 εὔλογον
1196 2933 1358 3010 Ἰουδαίαν
1377 2943 1541 3026 γενέσθαι.

180 3051 213 3104 91»
232 3035 321 3110 ἀλλὰ
350 3043 406 3108 καὶ
432 3036 486 3109 διά
513 3037 595 3122 τούς
608 3033 773 3126 Ἕλληνας
787 3033 945 3128 Ἕλληνα,
978 3041 1034 3108 ἵνα
1055 3034 1190 3120 πάντας
1210 3035 1435 3128 κερδάνωμεν.
1477 3034 1578 3110 κάνθ

232 3143 276 3224 τῇ
297 3135 382 3226 πρὸς
397 3144 602 3220 Κολασσαείς
623 3142 787 3226 ἐπιστολῇ
812 3145 1096 3220 »νουθετοῦντεςι
1118 3135 1238 3226 γράφει
1256 3135 1389 3210 »πάντα
1405 3137 1541 3226 ἄνθρω-

229 3265 301 3308 πον
322 3245 378 3308 καὶ
400 3233 615 3320 διδάσκοντες
637 3241 676 3308 ἐν
696 3236 787 3326 πόση
818 3245 933 3328 σοφίᾳ,
966 3241 1020 3308 ἵνα
1050 3235 1323 3327 παραστήσωμεν
1348 3234 1463 3309 πάντα
1485 3236 1542 3308 άν-

232 3349 381 3424 θρωκσν
403 3342 535 3408 τέλειον
557 3341 594 3408 ἐν
616 3343 783 3428 Χριστῷπ
822 3333 957 3425 ἁρμόζει
978 3343 1014 3408 δέ
1035 3342 1090 3408 καὶ
1114 3335 1228 3418 ἄλλως
1246 3344 1289 3424 τῇ
1304 3343 1378 3407 τῶν
1392 3333 1541 3426 όπσμνη-
1562 3353 1636 3416 ml

229 3433 351 3526 μάτων
380 3431 600 3508 όποτυπεόσει
631 3436 672 3508 τό
704 3436 879 3526 γλαφυρόν
909 3443 971 3523 τῆς
1001 3444 1157 3522 θεωρίας.
1199 3432 1321 3506 αὐτίκα
1350 3443 1406 3506 καὶ
1433 3432 1453 3524 ἡ
1480 3441 1541 3524 τῆς

317 3674 360 3729 M
375 3674 492 3729 Leutaoh
510 3693 543 3728 zu
562 3673 724 3744 Diogenian.
744 3674 782 3728 VI
800 3677 835 3730 40
914 3673 960 3728 4r
975 3673 1055 3728 Plato
1074 3671 1159 3742 Epist„
1173 3673 1197 3726 11
1216 3691 1241 3742 p.
1257 3675 1307 3728 314
1322 3673 1354 3736 C;
1372 3673 1428 3742 ταί.
1442 3673 1540 3727 Strom.

231 3759 255 3810 V
274 3761 350 3824 θ’),3
430 3759 503 3816 θ-ίί
530 3759 586 3828 vgl.
606 3759 687 3814 Plato
710 3759 826 3814 Phaedr.
847 3777 873 3829 p.
892 3759 943 3812 275
967 3757 1014 3812 DE}
1040 3755 1091 3814 ἐὰν
1117 3755 1147 3812 δέ
1164 3776 1191 3812 τι
1217 3753 1267 3827 ἐρη
1293 3763 1351 3812 τῶν
1377 3755 1541 3827 λεγομένων

228 3843 405 3914 βουλόμενος
426 3847 545 3912 μαθεῖν,
572 3837 604 3898 ἓν
626 3861 653 3898 τι
675 3844 806 3914 σημαίνει
827 3843 853 3912 (η
873 3845 978 3912 γραφή)
1001 3843 1092 3910 μόνον
1114 3839 1218 3896 ταύτὸν
1241 3839 1293 3898 ἀεί.
1330 3833 1446 3896 ὅτανδ’
1463 3835 1542 3908 ἅπαξ

231 3933 340 3998 γραφῇ,
363 3931 529 3984 κυλινδεῖται
553 3926 608 3996 μὲν
629 3935 776 3998 πανταχοῦ
797 3934 854 3993 πᾶς
874 3927 961 3996 λόγος
984 3924 1091 3994 ὁμοίως
1112 3925 1191 3996 παρὰ
1213 3934 1274 3991 τοῖς
1291 3923 1438 3981 ἐπαΐουσιν
1456 3969 1462 3982 .
1481 3969 1488 3982 .
1507 3967 1538 3982 ..

230 4011 276 4070 άεί
294 4015 381 4068 δεῖται
398 4015 510 4084 βοηθοῦ
527 4053 573 4067 ...
591 4014 642 4068 276
661 4011 684 4066 D
702 4013 787 4068 παντί
804 4019 843 4086 τῷ
860 4009 965 4066 ταύτὸν
983 4007 1060 4080 ἴχνος
1077 4011 1204 4078 μετιόντι
1349 4010 1413 4066 ΙΗ
1427 4010 1441 4064 1
1456 4009 1540 4064 Clem.

229 4097 422 4164 σαυππε
504 4097 618 4154 ισ-εε
644 4097 701 4166 vgl.
724 4097 926 4160 strom.1v3;
959 4097 982 4150 v
1001 4098 1088 4162 71,1;
1116 4095 1167 4150 vn
1189 4097 1265 4162 ατε
1346 4095 1460 4150 ιιι-κε
1483 4095 1538 4164 vgl.

232 4181 443 4246 lxor.9,·20f
520 4182 632 4238 20-28
652 4181 713 4238 Καί.
733 4183 808 4248 1,28

317 4399 415 4470 latai]
431 4395 487 4455 κᾶν
504 4399 651 4456 Markland
734 4393 890 4470 θὲτέροσε
909 4397 955 4452 wi
982 4392 1124 4468 ἐτέρωςίι
1205 4393 1327 4464 θίούκζ·
1346 4413 1395 4451 τοι
1414 4395 1494 4452 Plato
1512 4415 1538 4452 u„

227 4485 372 4540 StmnV
453 4485 471 4542 ⁸
498 4482 741 4556 συγγραφαμένου
760 4483 848 4539 Cobet
865 4483 890 4537 S.
907 4485 958 4537 495
985 4479 1247 4554 ἐγγραφαμένουίι
1327 4483 1459 4538 θτοῦίι

229 4567 379 4639 γραφηθγ
400 4569 545 4640 γραφῆιίι
624 4569 659 4626 1⁸
676 4565 841 4639 οἰντερεῖίιΙ
864 4564 994 4638 ἀνταιρεῖ
1011 4567 1047 4620 L*
1133 4564 1337 4636 Ιλήθγῆίι
1420 4564 1537 4634 16<th

229 4653 277 4708 Νι
371 4651 419 4709 τάῑ
438 4659 487 4722 τῆς
504 4653 652 4708 Markland
