3772 5532
591 553 731 608 stromata
748 553 782 608 11.
804 552 868 625 Gap.
881 552 981 608 xv111.
999 555 1041 620 91,
1053 555 1145 620 8-94,
1158 556 1181 608 1.
1480 559 1538 622 163

229 713 380 808 ἀτιμάζει
403 714 468 806 τῆν
491 713 600 804 φύσιν.
643 720 935 788 δοσωπείσθωσαν
962 707 1024 788 οὖν
1039 707 1199 805 Ἕλληνες
1222 723 1277 784 καὶ
1299 717 1330 786 εί
1350 743 1403 798 τις
1425 711 1538 802 ἕτερός
1557 727 1575 780 8

230 819 300 889 ἔστι
331 822 394 889 τοῦ
424 814 532 906 νόμου
560 821 790 905 κατατρέχων,
821 822 850 888 εέ
876 809 895 886 ό
918 821 979 906 μὲν
1007 821 1062 886 καὶ
1089 812 1147 886 ἐπ’
1170 809 1308 903 ἀλόγων
1340 811 1440 904 ζῴων
1458 839 1537 904 χρη-

230 915 396 1000 στεύεται,
428 919 463 988 οἳ
483 921 518 986 δέ
544 921 599 987 καὶ
627 913 669 986 τά
701 921 773 987 τῶν
802 911 1005 1005 ἀνθρώπων
1036 919 1228 986 ἐκτιθέασιν
1258 915 1394 1002 ἔκγονα,
1425 919 1537 984 καίτοι

229 1012 402 1106 μακρόθεν
427 1021 483 1086 καί
509 1021 733 1104 προφητικῶς
756 1009 1016 1096 ἀνακόπτοντες
1039 1011 1156 1086 αύτῶν
1178 1012 1243 1104 τῆν
1264 1007 1451 1102 ἀγριότητα
1473 1017 1537 1084 τοῦ

194 1111 337 1204 σνόμου
359 1116 414 1188 διὰ
436 1121 498 1206 τῆς
518 1117 763 1204 προειρημένης
785 1116 936 1204 ἐντολῆς.
973 1119 1001 1185 εί
1021 1113 1084 1204 γὰρ
1107 1121 1180 1186 τῶν
1200 1109 1337 1202 ἀλόγων
1352 1110 1394 1183 τὰ
1416 1115 1536 1202 ἔκγονα
1555 1123 1573 1178 4

230 1211 486 1303 διαζεύγνυσθαι
509 1219 570 1304 τῆς
593 1211 753 1303 τεκούσης
774 1211 842 1302 πρὸ
865 1219 926 1302 τῆς
948 1219 1192 1302 γαλακτουχίας
1214 1207 1424 1302 ἀπαγορεύει,
1446 1212 1536 1284 πολύ

228 1317 334 1384 πλέον
348 1309 400 1384 ἐπ’
411 1309 612 1401 ἀνθρώπων
623 1313 689 1404 τῆν
704 1309 801 1404 ω’μῆν
814 1319 870 1384 καί
884 1309 1113 1386 ἀτιθάσευτον
1127 1309 1376 1400 προθεραπεύει
1386 1310 1534 1400 γνώμην,

228 1409 275 1484 ἐν’
291 1419 319 1484 εί
333 1419 390 1484 καλ
405 1419 467 1502 τῆς
489 1411 631 1501 φύσεως,
653 1411 834 1504 μαθήσεως
849 1418 932 1504 γοῦν
946 1409 991 1502 μῆ
1013 1418 1286 1500 καταφρονῶοιν.
1323 1415 1453 1500 ἐρίφων
1473 1415 1534 1500 μὲν
1553 1423 1630 1490 9³‚1

227 1509 290 1600 γάρ
313 1519 369 1584 καί
391 1506 508 1602 ἀρνῶν
530 1517 751 1602 ἐμφορεῖσθαι
773 1516 1027 1602 ἐπιτέτραπται,
1050 1519 1106 1582 καί
1129 1539 1180 1594 τις
1201 1515 1283 1594 ἴσως
1297 1505 1467 1600 ἀπολογία
1482 1516 1533 1600 τῷ

178 1631 210 1682 ιυ
228 1609 437 1698 διαζεύξαντι
451 1617 513 1738 τῆς
535 1610 696 1702 τεκούσης
719 1610 760 1683 τό
782 1613 938 1702 ἔκγονον·
962 1607 982 1700 ῆ
1004 1616 1039 1681 δέ
1062 1617 1126 1684 τοῦ
1146 1615 1282 1682 παιδίου
1304 1611 1435 1692 ἔκθεοις
1458 1615 1534 1680 τίνα

229 1709 293 1802 τῆν
323 1713 483 1784 aman*
467 1737 547 1800 εχει;
576 1715 677 1830 ἐχρῆν
707 1709 769 1834 γὰρ
795 1716 877 1801 μηδὲ
906 1709 971 1800 τῆν
994 1707 1099 1800 ἀρχὴν
1120 1719 1220 1802 γῆμαι
1243 1739 1293 1800 ταμ
1276 1713 1397 1798 ’μηδὲ
1419 1717 1534 1782 παιδο-

225 1821 398 1882 ποιεῖσθαι
424 1807 657 1932 χλιχαμένῳ
635 1839 655 1900 η
679 1807 727 1881 δι’
748 1807 874 1900 ῆδονῆς
900 1806 1063 1896 ἀκρασίαν
1090 1779 1322 1882 παιδοκτοόον
1344 1813 1534 1898 γεγοΙνέναι.
1551 1813 1636 1872 478Ρ

226 1905 331 1982 πόλιν
353 1901 396 1982 αὖ
418 1905 437 1982 ό
459 1907 604 2000 χρηστός
631 1908 735 1996 νόμος
765 1905 965 2000 ἀπαγορεύει
988 1906 1091 2003 ῆμέρρ
1114 1917 1156 1999 τῆ
1178 1905 1264 1998 αύτῆ
1287 1905 1570 1998 συγκαταθύεινθ

225 2010 369 2098 ἔκγονον
390 2015 445 2080 καί
466 2015 602 2100 μητέρα.
645 2014 808 2082 ἐντεῦθεν
828 2016 884 2080 καὶ
905 2004 1069 2100 “,Ρωμαῖοι
1093 2015 1121 2081 εέ
1141 2017 1198 2082 καί
1220 2038 1271 2092 τις
1294 2013 1412 2098 ἔγκυος
1433 2037 1534 2080 κατα-

176 2128 208 2182 15
226 2115 399 2198 δικασθείη
422 2107 488 2198 τῆν
508 2113 564 2182 ἐπὶ
585 2107 744 2200 θανάτῳ,
776 2105 817 2180 ού
837 2106 1008 2198 πρότερον
1034 2113 1138 2181 ἐῶσιν
1163 2105 1322 2199 ύποσχεῖν
1344 2107 1409 2197 τῆν
1430 2136 1533 2198 τιμω-

225 2217 301 2295 ρίαν
322 2214 404 2296 πρὶν
425 2203 447 2297 ῆ
468 2212 625 2280 ἐκτεκεῖν.
669 2206 827 2296 ἄντικρυς
857 2213 941 2298 γοῦν
970 2215 1025 2280 καί
1048 2202 1111 2281 ὅσα
1139 2217 1212 2282 τῶν
1234 2207 1337 2300 ζῴων
1359 2227 1532 2296 κυοφορεῖ,
1552 2219 1570 2274 8

224 2303 243 2378 ό
273 2303 376 2396 νόμος
406 2303 468 2380 ούκ
498 2311 670 2395 ἐπιτρέπει
700 2306 794 2397 ἄχρις
824 2304 867 2380 ἀν
894 2305 1044 2396 ἀποτέκῃ
1069 2305 1326 2398 σφαγιάζεοθαι,
1357 2304 1533 2397 μακρόθεν

224 2407 372 2496 ἐπιοχιύν
393 2405 458 2496 τῆν
485 2403 652 2495 εύχέρειαν
678 2413 752 2478 τῶν
773 2412 820 2490 είς
843 2407 1035 2496 ἄνθρωπον
1056 2403 1278 2480 ἀδικούντων.
1322 2401 1435 2490 σύτως
1457 2405 1531 2496 ἄχρι
1550 2421 1568 2475 4
1634 2465 1643 2482 .

223 2511 278 2576 καλ
308 2513 383 2578 τῶν
413 2501 551 2594 ἀλόγων
582 2503 684 2594 ζῴων
714 2504 754 2578 τό
785 2509 926 2590 ἐπιεικές
956 2503 1143 2590 ἀπέτεινεν,
1175 2509 1230 2578 ἵνα
1251 2511 1288 2580 ἐν
1315 2525 1387 2590 τοῖς
1408 2503 1530 2595 ἀναμο-

171 2621 206 2676 20
224 2611 351 2694 γενέσιν
373 2601 578 2694 ἀσκήσαντες
599 2613 712 2694 πολλῆ
734 2635 802 2680 τινι
823 2614 998 2700 περιουσίᾳ
1015 2613 1278 2694 φιλανθρωπίας
1293 2611 1330 2678 ἐν
1352 2623 1426 2690 τοῖς
1448 2601 1527 2696 όμο-

223 2711 330 2794 γενέσι
351 2703 563 2794 χρησώμεθα.
604 2709 637 2776 οἳ
658 2710 693 2776 δέ
714 2711 770 2776 καί
791 2713 1088 2794 περιλακτίςοντες
1110 2703 1171 2788 τάς
1193 2711 1355 2794 γαστέρας
1377 2703 1444 2794 πρὸ
1467 2712 1527 2796 τῆς
1545 2715 1623 2784 981

223 2801 414 2891 ἀπατέξεως
441 2803 544 2894 ςςόων
570 2810 686 2888 τινῶν,
718 2807 772 2874 λ’να
799 2803 840 2894 δῆ
866 2801 1008 2894 γάλακτι
1029 2801 1302 2894 ἀνακεκραμένην
1323 2801 1430 2894 σάρκα
1452 2813 1527 2876 θοι-

223 2900 406 2992 νάςωνται,
437 2901 552 2992 τάφον
583 2911 656 2976 τῶν
685 2909 973 2993 κυοφορουμένων
1005 2903 1069 2992 τῆν
1098 2909 1144 2988 είς
1175 2910 1304 2996 γένεσιν
1330 2915 1527 2976 κτισθεῖσαν

307 3191 369 3248 181
388 3189 443 3262 vgl.
457 3191 519 3247 Ιιετ.
532 3193 573 3258 22,
585 3191 620 3248 28
701 3189 810 3247 18-81
833 3191 913 3246 Philo
931 3191 972 3248 De
988 3209 1042 3248 αυτ.
1055 3193 1088 3248 18
1105 3185 1175 3246 ἀλλο
1194 3193 1288 3262 τίθησι
1305 3190 1465 3264 διάταγμα.
1479 3233 1524 3252 ...

217 3273 408 3348 ἀπαγορεύων
434 3274 525 3350 ῆμέρᾳ
552 3281 586 3346 τῇ
611 3273 681 3345 αἰτῇ
707 3273 915 3345 σιγκαταθύειν
936 3275 1044 3348 μητέρα
1066 3277 1116 3332 καλ
1133 3269 1261 3346 ἔγγονον.
1280 3307 1313 3316 -
1396 3271 1450 3332 aaa
1468 3283 1525 3332 τῶν

218 3353 300 3436 ζῴων
321 3365 471 3430 κυοφορεῖ,
492 3361 530 3428 μῆ
554 3356 712 3432 ἐπιτρέπων
730 3354 812 3430 ἀχρις
834 3355 869 3416 ἂν
893 3357 1018 3430 ἀποτέκῃ
1040 3360 1256 3430 αφαγιάζεσθαι.
1276 3391 1307 3402 -
1326 3355 1409 3418 ἐνθεν
1427 3359 1458 3418 δέ
1474 3379 1524 3430 μοι

217 3447 349 3500 δοκοῦσιν
371 3442 547 3517 ὁρμηθέντες
569 3437 639 3500 ἔνιοι
662 3450 718 3500 τῶν
736 3447 905 3512 νομοθετῶν
921 3447 970 3501 καί
988 3444 1038 3501 τόν
1057 3441 1102 3502 ἐπί
1120 3453 1182 3510 ταῖς
1197 3447 1381 3518 κατακρίτοις
1398 3447 1524 3516 γυναιξὶν

217 3525 423 3598 είσηγῆσασθαι
441 3529 531 3598 νόμον
550 3525 582 3592 ὃς
600 3525 708 3584 κελεύει
725 3526 776 3592 τὰς
793 3523 951 3599 ἐγκύου,“ς
936 3549 972 3584 αν
990 3524 1055 3596 ἀξια
1075 3527 1203 3586 θανάτοο
1220 3532 1332 3602 δρῶσιν,
1349 3533 1388 3600 1
1404 3531 1523 3586 κτείνειν

215 3611 298 3698 μέχρι
320 3607 356 3668 ἀν
379 3609 568 3678 ἀποτέκωσιν,
583 3607 633 3668 ἵνα
650 3615 689 3681 μι1
708 3608 924 3684 ἀναιρσιμένων
942 3613 1133 3682 οτναπδληται
1151 3613 1185 3670 τό
1202 3613 1275 3670 κατὰ
1294 3615 1427 3685 γαστρός.
1462 3607 1523 3671 ἀλλ’

216 3716 295 3754 αιτοι
316 3696 369 3766 μὲν
392 3689 436 3752 ἐπ
448 3693 613 3768 ἀνθρώπων
634 3705 722 3752 ταῖτα
740 3691 882 3768 ἔγνωσαν·
907 3695 970 3754 8δέ
988 3700 1037 3753 καὶ
1055 3697 1314 3772 προσυπερβάλλειν
1333 3691 1408 3754 fu*
1391 3717 1457 3768 αχρι
1474 3699 1522 3754 καί

215 3787 271 3838 τῶν
298 3778 447 3852 ἀλόχων
433 3776 515 3858 ςῴων
537 3781 571 3838 τὸ
594 3777 714 3846 ἐπιεικές
736 3777 882 3838 ἀπέτεινεν
905 3777 966 3850 (ἐπέ
967 3800 1057 3838 τεινεν
1080 3781 1146 3838 οδω
1165 3779 1308 3840 ἀποτείνει
1328 3783 1410 3850 11881,
1435 3775 1517 3838 ἔν’έι

214 3873 274 3932 τοῖς
291 3861 526 3936 ἀνσμαιογενέσιν
544 3867 585 3934 (ιο
603 3866 621 3920 8
639 3865 694 3934 vgl.
713 3865 804 3932 Cohn,
822 3865 923 3922 Philok
942 3871 973 3922 51
992 3866 1123 3936 [189218.
1143 3863 1238 3936 270J’
1222 3869 1408 3938 αακῆσαντες,
1431 3805 1522 3938 πολλῆ1

215 3969 268 4006 τινι
285 3949 433 4026 παρουσίᾳ
451 3947 591 4022 χρώμεθα
609 3951 826 4022 φιλανθρωπίας
839 3947 884 4018 (ἔν
895 3957 955 4015 τοῖς
971 3949 1134 4020 ὁμογενέσιιὶ
1149 3953 1192 4020 (4-
1205 3951 1372 4015 θέευδΙεαδ)
1449 3953 1520 4008 14-

217 4035 253 4090 18
273 4033 328 4104 vgl.
347 4033 419 4090 plut„
438 4033 505 4090 Μαι.
524 4053 549 4104 p.
568 4033 666 4097 5521);
685 4033 792 4102 Aelim,
812 4035 875 4089 θαι.
893 4033 956 4092 hist
975 4035 998 4088 V
1019 4035 1051 4090 18
1133 4035 1197 4092 181
1213 4035 1290 4090 nicht
1307 4037 1335 4091 in
1354 4037 1439 4102 ΙιΧΧς
1464 4035 1519 4104 vgl.

212 4117 238 4171 J.
257 4117 387 4188 Βετυεγε,
406 4119 467 4174 Gen.
486 4117 557 4174 Abh.
577 4119 587 4171 1
607 4119 632 4172 S.
651 4121 701 4174 235
718 4121 799 4174 Anm.
818 4123 831 4174 1
914 4119 1014 4176 21-8.
1029 4119 1126 4186 184,1
1147 4119 1202 4189 τςί.
1222 4120 1294 4176 Ρίυθ
1314 4120 1381 4175 Mor.
1395 4139 1420 4192 p.
1433 4123 1482 4177 997
1495 4125 1520 4176 Δ

212 4197 241 4258 σί
262 4193 291 4256 δ’
303 4195 406 4258 σύθασι
429 4209 503 4258 σιῶν
527 4199 665 4258 ἐπιτόκων
688 4199 872 4272 ἐναλλόμενοι
889 4205 938 4260 καί
956 4205 1146 4272 λακτίζοντες,
1167 4195 1206 4258 ’ἐν’
1224 4197 1294 4274 αἷμα
1311 4207 1360 4260 καί
1379 4203 1453 4276 γάλα
1470 4209 1519 4262 καλ

211 4281 321 4360 λύθρον
347 4281 479 4358 ἐμβρύων
505 4283 579 4354 δμσῡ
606 4286 832 4357 συμφθαρέντων
858 4285 888 4344 ἐν
915 4285 1013 4344 ὠδῖσιν
1034 4283 1240 4354 ἀναδεύσαντες
1333 4287 1445 4360 φάγωσι
1467 4299 1518 4346 τοῦ

211 4365 286 4444 ζῴου
304 4369 337 4426 τό
354 4369 476 4440 μάλιστα
495 4375 678 4441 φλεγμαῖνον.

297 4629 311 4684 1
330 4629 572 4686 δυσωπείσθωσαν
591 4629 626 4698 Sy
649 4631 881 4700 δυαωιιῆσθωσαν
900 4629 920 4684 L
1001 4630 1020 4688 8
1038 4625 1152 4702 ἔκγονα]
1171 4623 1276 4702 ἔγγονα
1295 4629 1329 4696 L,
1348 4631 1415 4686 aber
1432 4625 1464 4686 ἔκ
1482 4631 1516 4686 L¹

208 4729 253 4770 αιυ
272 4711 352 4767 Βεοδ

1256 4799 1307 4850 11·
