<?xml version="1.0" encoding="UTF-8"?>
<!DOCTYPE html PUBLIC "-//W3C//DTD XHTML 1.0 Transitional//EN"
    "http://www.w3.org/TR/xhtml1/DTD/xhtml1-transitional.dtd">
<html xmlns="http://www.w3.org/1999/xhtml" xml:lang="en" lang="en">
 <head>
  <title>
</title>
<meta http-equiv="Content-Type" content="text/html;charset=utf-8" />
  <meta name='ocr-system' content='tesseract 3.04.00' />
  <meta name='ocr-capabilities' content='ocr_page ocr_carea ocr_par ocr_line ocrx_word'/>
</head>
<body>
  <div class='ocr_page' id='page_1' title='image "./diegriechischen02wissgoog/diegriechischen02wissgoog_0385.png"; bbox 0 0 3760 5534; ppageno 0'>
   <div class='ocr_carea' id='block_1_1' title="bbox 577 519 1591 594">
    <p class='ocr_par' dir='ltr' id='par_1_1' title="bbox 577 519 1591 594">
     <span class='ocr_line' id='line_1_1' title="bbox 577 519 1591 594; baseline -0.004 -12"><span class='ocrx_word' id='word_1_1' title='bbox 577 526 716 582; x_wconf 75' lang='grc' dir='ltr'><em>θίτουιείε</em></span> <span class='ocrx_word' id='word_1_2' title='bbox 733 524 779 578; x_wconf 85' lang='lat' dir='ltr'><em>IV.</em></span> <span class='ocrx_word' id='word_1_3' title='bbox 801 523 951 594; x_wconf 73' lang='lat' dir='ltr'><strong>cap.v111.</strong></span> <span class='ocrx_word' id='word_1_4' title='bbox 968 523 1010 588; x_wconf 78' lang='lat'><em>65,</em></span> <span class='ocrx_word' id='word_1_5' title='bbox 1022 521 1139 592; x_wconf 81' lang='grc' dir='ltr'><em>3-οερ.</em></span> <span class='ocrx_word' id='word_1_6' title='bbox 1152 519 1197 578; x_wconf 80' lang='lat' dir='ltr'><em>lx.</em></span> <span class='ocrx_word' id='word_1_7' title='bbox 1217 521 1295 582; x_wconf 80' lang='grc'><em>70,1.</em></span> <span class='ocrx_word' id='word_1_8' title='bbox 1530 527 1591 588; x_wconf 80' lang='lat'><em>2¹19</em></span> 
     </span>
    </p>
   </div>
   <div class='ocr_carea' id='block_1_2' title="bbox 224 687 1721 3264">
    <p class='ocr_par' dir='ltr' id='par_1_2' title="bbox 282 687 1627 1078">
     <span class='ocr_line' id='line_1_2' title="bbox 284 687 1626 780; baseline -0.009 -16"><span class='ocrx_word' id='word_1_9' title='bbox 284 689 391 766; x_wconf 89' lang='grc' dir='ltr'><em>νάτου</em></span> <span class='ocrx_word' id='word_1_10' title='bbox 413 695 682 780; x_wconf 77' lang='grc' dir='ltr'><em>ζωοποιηθῆναι</em></span> <span class='ocrx_word' id='word_1_11' title='bbox 714 691 808 778; x_wconf 79' lang='grc' dir='ltr'><em>ἴσμεν</em></span> <span class='ocrx_word' id='word_1_12' title='bbox 829 692 913 776; x_wconf 83' lang='grc' dir='ltr'><em>γοῦν</em></span> <span class='ocrx_word' id='word_1_13' title='bbox 933 691 988 756; x_wconf 83' lang='grc' dir='ltr'><em>καί</em></span> <span class='ocrx_word' id='word_1_14' title='bbox 1006 691 1128 766; x_wconf 89' lang='grc' dir='ltr'><em>παῖδας</em></span> <span class='ocrx_word' id='word_1_15' title='bbox 1142 689 1198 755; x_wconf 85' lang='grc' dir='ltr'><em>καί</em></span> <span class='ocrx_word' id='word_1_16' title='bbox 1214 687 1346 770; x_wconf 87' lang='grc' dir='ltr'><em>σίκέτας</em></span> <span class='ocrx_word' id='word_1_17' title='bbox 1361 691 1416 757; x_wconf 88' lang='grc' dir='ltr'><em>καί</em></span> <span class='ocrx_word' id='word_1_18' title='bbox 1433 705 1591 774; x_wconf 84' lang='grc' dir='ltr'><em>γυναῖκας</em></span> <span class='ocrx_word' id='word_1_19' title='bbox 1608 695 1626 752; x_wconf 78' lang='grc' dir='ltr'><em>θ</em></span> 
     </span>
     <span class='ocr_line' id='line_1_3' title="bbox 282 779 1590 874; baseline -0.005 -11"><span class='ocrx_word' id='word_1_20' title='bbox 282 787 449 874; x_wconf 74' lang='grc' dir='ltr'><strong><em>πολλάκις</em></strong></span> <span class='ocrx_word' id='word_1_21' title='bbox 479 785 640 862; x_wconf 89' lang='grc' dir='ltr'><em>ἀκόντων</em></span> <span class='ocrx_word' id='word_1_22' title='bbox 669 793 831 874; x_wconf 92' lang='grc' dir='ltr'><em>πατέρων</em></span> <span class='ocrx_word' id='word_1_23' title='bbox 860 793 916 858; x_wconf 84' lang='grc' dir='ltr'><em>καὶ</em></span> <span class='ocrx_word' id='word_1_24' title='bbox 948 789 1128 858; x_wconf 90' lang='grc' dir='ltr'><em>δεσποτῶν</em></span> <span class='ocrx_word' id='word_1_25' title='bbox 1153 789 1208 854; x_wconf 89' lang='grc' dir='ltr'><em>καί</em></span> <span class='ocrx_word' id='word_1_26' title='bbox 1235 779 1373 874; x_wconf 89' lang='grc' dir='ltr'><em>ἀνδρῶν</em></span> <span class='ocrx_word' id='word_1_27' title='bbox 1394 795 1590 872; x_wconf 74' lang='grc' dir='ltr'><em>βελτίστους</em></span> 
     </span>
     <span class='ocr_line' id='line_1_4' title="bbox 282 881 1627 980; baseline -0.005 -19"><span class='ocrx_word' id='word_1_28' title='bbox 282 895 463 980; x_wconf 87' lang='grc' dir='ltr'><em>γεγονέναι.</em></span> <span class='ocrx_word' id='word_1_29' title='bbox 507 881 633 962; x_wconf 87' lang='grc' dir='ltr'><em>ούκουν</em></span> <span class='ocrx_word' id='word_1_30' title='bbox 662 889 810 960; x_wconf 79' lang='grc' dir='ltr'><em>ἔλαττον</em></span> <span class='ocrx_word' id='word_1_31' title='bbox 839 894 1090 976; x_wconf 88' lang='grc' dir='ltr'><em>προθυμεῖσθαι</em></span> <span class='ocrx_word' id='word_1_32' title='bbox 1116 882 1177 972; x_wconf 82' lang='grc' dir='ltr'><em>χρὴ</em></span> <span class='ocrx_word' id='word_1_33' title='bbox 1201 883 1281 968; x_wconf 86' lang='grc' dir='ltr'><em>τούς</em></span> <span class='ocrx_word' id='word_1_34' title='bbox 1301 891 1491 972; x_wconf 85' lang='grc' dir='ltr'><em>μέλλοντας</em></span> <span class='ocrx_word' id='word_1_35' title='bbox 1513 895 1627 960; x_wconf 64' lang='grc' dir='ltr'><em>θεοῦ</em></span> 
     </span>
     <span class='ocr_line' id='line_1_5' title="bbox 282 979 1590 1078; baseline -0.001 -18"><span class='ocrx_word' id='word_1_36' title='bbox 282 997 389 1073; x_wconf 90' lang='grc' dir='ltr'><em>σεβῶς</em></span> <span class='ocrx_word' id='word_1_37' title='bbox 410 987 531 1078; x_wconf 78' lang='grc' dir='ltr'><em>ζήσειν,</em></span> <span class='ocrx_word' id='word_1_38' title='bbox 553 985 692 1060; x_wconf 80' lang='grc' dir='ltr'><em>ἐπειδάν</em></span> <span class='ocrx_word' id='word_1_39' title='bbox 713 989 835 1076; x_wconf 80' lang='grc' dir='ltr'><em>εἴργειν</em></span> <span class='ocrx_word' id='word_1_40' title='bbox 848 981 973 1068; x_wconf 89' lang='grc' dir='ltr'><em>αύτούς</em></span> <span class='ocrx_word' id='word_1_41' title='bbox 988 1011 1079 1068; x_wconf 88' lang='grc' dir='ltr'><em>τινες</em></span> <span class='ocrx_word' id='word_1_42' title='bbox 1093 987 1251 1068; x_wconf 81' lang='grc' dir='ltr'><em>δοκῶσιν,</em></span> <span class='ocrx_word' id='word_1_43' title='bbox 1274 979 1362 1056; x_wconf 84' lang='grc' dir='ltr'><em>ἀλλά</em></span> <span class='ocrx_word' id='word_1_44' title='bbox 1376 984 1468 1058; x_wconf 85' lang='grc' dir='ltr'><em>πολύ</em></span> <span class='ocrx_word' id='word_1_45' title='bbox 1482 992 1590 1058; x_wconf 89' lang='grc' dir='ltr'><em>πλέον</em></span> 
     </span>
    </p>

    <p class='ocr_par' dir='ltr' id='par_1_3' title="bbox 248 1077 1720 1576">
     <span class='ocr_line' id='line_1_6' title="bbox 248 1077 1589 1178; baseline -0.001 -20"><span class='ocrx_word' id='word_1_46' title='bbox 248 1089 372 1178; x_wconf 85' lang='grc' dir='ltr'><em>σοίμαι</em></span> <span class='ocrx_word' id='word_1_47' title='bbox 394 1085 579 1178; x_wconf 79' lang='grc' dir='ltr'><em>προσήκειν</em></span> <span class='ocrx_word' id='word_1_48' title='bbox 601 1084 757 1159; x_wconf 75' lang='grc' dir='ltr'><em>σπεύδειν</em></span> <span class='ocrx_word' id='word_1_49' title='bbox 778 1114 815 1157; x_wconf 90' lang='grc' dir='ltr'><em>τε</em></span> <span class='ocrx_word' id='word_1_50' title='bbox 837 1090 892 1156; x_wconf 84' lang='grc' dir='ltr'><em>καί</em></span> <span class='ocrx_word' id='word_1_51' title='bbox 914 1079 1139 1174; x_wconf 77' lang='grc' dir='ltr'><em>ἀγωνίζεσθαι</em></span> <span class='ocrx_word' id='word_1_52' title='bbox 1161 1079 1406 1170; x_wconf 88' lang='grc' dir='ltr'><em>διαφερόντως,</em></span> <span class='ocrx_word' id='word_1_53' title='bbox 1429 1077 1525 1168; x_wconf 84' lang='grc' dir='ltr'><em>ὅπως</em></span> <span class='ocrx_word' id='word_1_54' title='bbox 1547 1081 1589 1156; x_wconf 84' lang='grc' dir='ltr'><em>άν</em></span> 
     </span>
     <span class='ocr_line' id='line_1_7' title="bbox 280 1177 1588 1278; baseline -0.002 -20"><span class='ocrx_word' id='word_1_55' title='bbox 280 1185 325 1277; x_wconf 82' lang='grc' dir='ltr'><em>μή</em></span> <span class='ocrx_word' id='word_1_56' title='bbox 349 1184 557 1278; x_wconf 76' lang='grc' dir='ltr'><em>ἡττηθέντες</em></span> <span class='ocrx_word' id='word_1_57' title='bbox 580 1181 777 1258; x_wconf 87' lang='grc' dir='ltr'><em>ἀποπέσωσι</em></span> <span class='ocrx_word' id='word_1_58' title='bbox 800 1189 873 1254; x_wconf 91' lang='grc' dir='ltr'><em>τῶν</em></span> <span class='ocrx_word' id='word_1_59' title='bbox 894 1177 1048 1272; x_wconf 88' lang='grc' dir='ltr'><em>ἀρίστων</em></span> <span class='ocrx_word' id='word_1_60' title='bbox 1068 1187 1123 1252; x_wconf 90' lang='grc' dir='ltr'><em>καί</em></span> <span class='ocrx_word' id='word_1_61' title='bbox 1149 1179 1432 1272; x_wconf 77' lang='grc' dir='ltr'><em>ἀναγκαιοτάτων</em></span> <span class='ocrx_word' id='word_1_62' title='bbox 1454 1191 1588 1268; x_wconf 87' lang='grc' dir='ltr'><em>βουλευ-</em></span> 
     </span>
     <span class='ocr_line' id='line_1_8' title="bbox 280 1279 1625 1376; baseline -0.004 -17"><span class='ocrx_word' id='word_1_63' title='bbox 280 1283 411 1376; x_wconf 92' lang='grc' dir='ltr'><em>μάτων.</em></span> <span class='ocrx_word' id='word_1_64' title='bbox 454 1283 495 1358; x_wconf 91' lang='grc' dir='ltr'><em>ού</em></span> <span class='ocrx_word' id='word_1_65' title='bbox 525 1285 588 1376; x_wconf 82' lang='grc' dir='ltr'><em>γάρ</em></span> <span class='ocrx_word' id='word_1_66' title='bbox 619 1286 710 1374; x_wconf 88' lang='grc' dir='ltr'><em>οίμαι</em></span> <span class='ocrx_word' id='word_1_67' title='bbox 739 1281 910 1372; x_wconf 76' lang='grc' dir='ltr'><em>σύγκρισιν</em></span> <span class='ocrx_word' id='word_1_68' title='bbox 939 1287 1149 1370; x_wconf 76' lang='grc' dir='ltr'><em>ἐπιδέχεσθαι</em></span> <span class='ocrx_word' id='word_1_69' title='bbox 1175 1279 1325 1368; x_wconf 87' lang='grc' dir='ltr'><em>πότερον</em></span> <span class='ocrx_word' id='word_1_70' title='bbox 1352 1281 1491 1372; x_wconf 81' lang='grc' dir='ltr'><em>ἄμεινον</em></span> <span class='ocrx_word' id='word_1_71' title='bbox 1511 1293 1625 1356; x_wconf 66' lang='lat' dir='ltr'><strong><em>Ota-4</em></strong></span> 
     </span>
     <span class='ocr_line' id='line_1_9' title="bbox 281 1375 1587 1476; baseline 0 -20"><span class='ocrx_word' id='word_1_72' title='bbox 281 1385 398 1476; x_wconf 87' lang='grc' dir='ltr'><em>σῶτην</em></span> <span class='ocrx_word' id='word_1_73' title='bbox 426 1393 583 1476; x_wconf 91' lang='grc' dir='ltr'><em>γενέσθαι</em></span> <span class='ocrx_word' id='word_1_74' title='bbox 613 1390 676 1456; x_wconf 87' lang='grc' dir='ltr'><em>τοῦ</em></span> <span class='ocrx_word' id='word_1_75' title='bbox 705 1377 988 1471; x_wconf 79' lang='grc' dir='ltr'><em>παντοκράτορος</em></span> <span class='ocrx_word' id='word_1_76' title='bbox 1017 1375 1038 1470; x_wconf 81' lang='grc' dir='ltr'><em>ἢ</em></span> <span class='ocrx_word' id='word_1_77' title='bbox 1070 1379 1111 1452; x_wconf 86' lang='grc' dir='ltr'><em>τὸ</em></span> <span class='ocrx_word' id='word_1_78' title='bbox 1142 1387 1216 1452; x_wconf 88' lang='grc' dir='ltr'><em>τῶν</em></span> <span class='ocrx_word' id='word_1_79' title='bbox 1246 1378 1421 1472; x_wconf 83' lang='grc' dir='ltr'><em>δαιμόνων</em></span> <span class='ocrx_word' id='word_1_80' title='bbox 1452 1383 1587 1456; x_wconf 77' lang='grc' dir='ltr'><em>ἑλέσθαι</em></span> 
     </span>
     <span class='ocr_line' id='line_1_10' title="bbox 280 1475 1720 1576; baseline 0 -20"><span class='ocrx_word' id='word_1_81' title='bbox 280 1481 411 1570; x_wconf 88' lang='grc' dir='ltr'><em>σκότος.</em></span> <span class='ocrx_word' id='word_1_82' title='bbox 454 1485 497 1558; x_wconf 82' lang='grc' dir='ltr'><em>τά</em></span> <span class='ocrx_word' id='word_1_83' title='bbox 519 1483 663 1576; x_wconf 78' lang='grc' dir='ltr'><em>μὲνγὰρ</em></span> <span class='ocrx_word' id='word_1_84' title='bbox 685 1483 803 1555; x_wconf 89' lang='grc' dir='ltr'><em>ἀλλων</em></span> <span class='ocrx_word' id='word_1_85' title='bbox 830 1487 834 1570; x_wconf 95' lang='grc' dir='ltr'>Ι</span> <span class='ocrx_word' id='word_1_86' title='bbox 862 1481 960 1552; x_wconf 74' lang='grc' dir='ltr'><em>ἕνεκα</em></span> <span class='ocrx_word' id='word_1_87' title='bbox 981 1475 1199 1569; x_wconf 88' lang='grc' dir='ltr'><em>πραττόμενα</em></span> <span class='ocrx_word' id='word_1_88' title='bbox 1220 1476 1299 1570; x_wconf 86' lang='grc' dir='ltr'><em>ήμῖν</em></span> <span class='ocrx_word' id='word_1_89' title='bbox 1321 1477 1481 1554; x_wconf 75' lang='grc' dir='ltr'><em>ἑκάστοτε</em></span> <span class='ocrx_word' id='word_1_90' title='bbox 1503 1479 1587 1570; x_wconf 90' lang='grc' dir='ltr'><em>πρά·</em></span> <span class='ocrx_word' id='word_1_91' title='bbox 1605 1499 1623 1556; x_wconf 77' lang='grc' dir='ltr'><em>θ</em></span> <span class='ocrx_word' id='word_1_92' title='bbox 1641 1499 1720 1556; x_wconf 75' lang='grc'><strong>2158</strong></span> 
     </span>
    </p>

    <p class='ocr_par' dir='ltr' id='par_1_4' title="bbox 230 1571 1680 2071">
     <span class='ocr_line' id='line_1_11' title="bbox 230 1571 1587 1674; baseline -0.001 -20"><span class='ocrx_word' id='word_1_93' title='bbox 230 1599 264 1655; x_wconf 89' lang='grc'><em>10</em></span> <span class='ocrx_word' id='word_1_94' title='bbox 280 1595 396 1674; x_wconf 74' lang='grc' dir='ltr'><em>ξαιμεν</em></span> <span class='ocrx_word' id='word_1_95' title='bbox 428 1582 471 1656; x_wconf 80' lang='grc' dir='ltr'><em>ἀν</em></span> <span class='ocrx_word' id='word_1_96' title='bbox 501 1591 547 1669; x_wconf 86' lang='grc' dir='ltr'><em>είς</em></span> <span class='ocrx_word' id='word_1_97' title='bbox 577 1589 724 1664; x_wconf 80' lang='grc' dir='ltr'><em>ἐκείνους</em></span> <span class='ocrx_word' id='word_1_98' title='bbox 755 1577 959 1668; x_wconf 75' lang='grc' dir='ltr'><em>ἀποβλέπειν</em></span> <span class='ocrx_word' id='word_1_99' title='bbox 989 1577 1208 1670; x_wconf 79' lang='grc' dir='ltr'><em>πειρώμενοι,</em></span> <span class='ocrx_word' id='word_1_100' title='bbox 1241 1571 1292 1652; x_wconf 90' lang='grc' dir='ltr'><em>ῶν</em></span> <span class='ocrx_word' id='word_1_101' title='bbox 1313 1579 1412 1652; x_wconf 75' lang='grc' dir='ltr'><em>ἕνεκα</em></span> <span class='ocrx_word' id='word_1_102' title='bbox 1434 1587 1587 1672; x_wconf 89' lang='grc' dir='ltr'><em>γίνεσθαι</em></span> 
     </span>
     <span class='ocr_line' id='line_1_12' title="bbox 280 1677 1586 1774; baseline -0.003 -18"><span class='ocrx_word' id='word_1_103' title='bbox 280 1689 384 1765; x_wconf 87' lang='grc' dir='ltr'><em>δοκεῖ,</em></span> <span class='ocrx_word' id='word_1_104' title='bbox 416 1691 542 1774; x_wconf 86' lang='grc' dir='ltr'><em>μέτρον</em></span> <span class='ocrx_word' id='word_1_105' title='bbox 572 1680 750 1774; x_wconf 84' lang='grc' dir='ltr'><em>ήγούμενοι</em></span> <span class='ocrx_word' id='word_1_106' title='bbox 776 1687 882 1754; x_wconf 85' lang='grc' dir='ltr'><em>τοῦτο</em></span> <span class='ocrx_word' id='word_1_107' title='bbox 908 1679 950 1753; x_wconf 89' lang='grc' dir='ltr'><em>τὸ</em></span> <span class='ocrx_word' id='word_1_108' title='bbox 972 1682 1031 1766; x_wconf 85' lang='grc' dir='ltr'><em>[έν]</em></span> <span class='ocrx_word' id='word_1_109' title='bbox 1054 1683 1196 1762; x_wconf 80' lang='grc' dir='ltr'><em>ἐκείνοις</em></span> <span class='ocrx_word' id='word_1_110' title='bbox 1221 1687 1472 1769; x_wconf 71' lang='grc' dir='ltr'><em>κεχαρισμένον*</em></span> <span class='ocrx_word' id='word_1_111' title='bbox 1507 1677 1586 1754; x_wconf 74' lang='grc' dir='ltr'><em>ἃδέ</em></span> 
     </span>
     <span class='ocr_line' id='line_1_13' title="bbox 280 1775 1587 1874; baseline -0.001 -21"><span class='ocrx_word' id='word_1_112' title='bbox 280 1779 396 1856; x_wconf 86' lang='grc' dir='ltr'><em>αύτῶν</em></span> <span class='ocrx_word' id='word_1_113' title='bbox 424 1789 559 1874; x_wconf 84' lang='grc' dir='ltr'><em>μᾶλλον</em></span> <span class='ocrx_word' id='word_1_114' title='bbox 580 1779 601 1872; x_wconf 85' lang='grc' dir='ltr'><em>ή</em></span> <span class='ocrx_word' id='word_1_115' title='bbox 624 1809 731 1854; x_wconf 92' lang='grc' dir='ltr'><em>τινων</em></span> <span class='ocrx_word' id='word_1_116' title='bbox 762 1783 904 1872; x_wconf 76' lang='grc' dir='ltr'><em>ἑτέρων,</em></span> <span class='ocrx_word' id='word_1_117' title='bbox 936 1785 1044 1850; x_wconf 85' lang='grc' dir='ltr'><em>ταῦτα</em></span> <span class='ocrx_word' id='word_1_118' title='bbox 1072 1775 1116 1849; x_wconf 82' lang='grc' dir='ltr'><em>ἀν</em></span> <span class='ocrx_word' id='word_1_119' title='bbox 1142 1775 1219 1868; x_wconf 83' lang='grc' dir='ltr'><em>ήμῖν</em></span> <span class='ocrx_word' id='word_1_120' title='bbox 1246 1789 1396 1870; x_wconf 91' lang='grc' dir='ltr'><em>γίγνοιτο</em></span> <span class='ocrx_word' id='word_1_121' title='bbox 1418 1779 1503 1870; x_wconf 85' lang='grc' dir='ltr'><em>μετά</em></span> <span class='ocrx_word' id='word_1_122' title='bbox 1525 1787 1587 1871; x_wconf 82' lang='grc' dir='ltr'><em>τῆς</em></span> 
     </span>
     <span class='ocr_line' id='line_1_14' title="bbox 280 1875 1680 1972; baseline 0 -20"><span class='ocrx_word' id='word_1_123' title='bbox 280 1887 351 1972; x_wconf 87' lang='grc' dir='ltr'><em>ίσης</em></span> <span class='ocrx_word' id='word_1_124' title='bbox 373 1887 536 1972; x_wconf 83' lang='grc' dir='ltr'><em>σπουδῆς,</em></span> <span class='ocrx_word' id='word_1_125' title='bbox 567 1879 627 1954; x_wconf 82' lang='grc' dir='ltr'><em>ἐάν</em></span> <span class='ocrx_word' id='word_1_126' title='bbox 654 1908 691 1952; x_wconf 92' lang='grc' dir='ltr'><em>τε</em></span> <span class='ocrx_word' id='word_1_127' title='bbox 713 1877 867 1970; x_wconf 89' lang='grc' dir='ltr'><em>ἀρέσκειν</em></span> <span class='ocrx_word' id='word_1_128' title='bbox 889 1884 955 1948; x_wconf 86' lang='grc' dir='ltr'><em>τισί</em></span> <span class='ocrx_word' id='word_1_129' title='bbox 977 1884 1060 1968; x_wconf 82' lang='grc' dir='ltr'><em>δοκῇ</em></span> <span class='ocrx_word' id='word_1_130' title='bbox 1082 1875 1143 1950; x_wconf 88' lang='grc' dir='ltr'><em>έάν</em></span> <span class='ocrx_word' id='word_1_131' title='bbox 1164 1908 1200 1951; x_wconf 86' lang='grc' dir='ltr'><em>τε</em></span> <span class='ocrx_word' id='word_1_132' title='bbox 1225 1885 1280 1950; x_wconf 80' lang='grc' dir='ltr'><em>καί</em></span> <span class='ocrx_word' id='word_1_133' title='bbox 1301 1876 1355 1970; x_wconf 89' lang='grc' dir='ltr'><em>μή.</em></span> <span class='ocrx_word' id='word_1_134' title='bbox 1398 1885 1427 1952; x_wconf 92' lang='grc' dir='ltr'><em>εί</em></span> <span class='ocrx_word' id='word_1_135' title='bbox 1448 1880 1489 1970; x_wconf 83' lang='grc' dir='ltr'><em>δή</em></span> <span class='ocrx_word' id='word_1_136' title='bbox 1512 1889 1586 1953; x_wconf 91' lang='grc' dir='ltr'><em>τῶν</em></span> <span class='ocrx_word' id='word_1_137' title='bbox 1604 1893 1680 1962; x_wconf 55' lang='lat' dir='ltr'><em>cml</em></span> 
     </span>
     <span class='ocr_line' id='line_1_15' title="bbox 280 1973 1585 2071; baseline -0.002 -17"><span class='ocrx_word' id='word_1_138' title='bbox 280 1977 479 2071; x_wconf 76' lang='grc' dir='ltr'><em>ἀδιαφόρων</em></span> <span class='ocrx_word' id='word_1_139' title='bbox 510 1985 581 2054; x_wconf 80' lang='grc' dir='ltr'><em>ἔνια</em></span> <span class='ocrx_word' id='word_1_140' title='bbox 611 1979 776 2070; x_wconf 79' lang='grc' dir='ltr'><em>τοιαύτην</em></span> <span class='ocrx_word' id='word_1_141' title='bbox 805 1983 913 2068; x_wconf 82' lang='grc' dir='ltr'><em>εἴληχε</em></span> <span class='ocrx_word' id='word_1_142' title='bbox 944 1977 1045 2068; x_wconf 86' lang='grc' dir='ltr'><em>τιμήν</em></span> <span class='ocrx_word' id='word_1_143' title='bbox 1081 1975 1170 2050; x_wconf 87' lang='grc' dir='ltr'><em>ῶστε</em></span> <span class='ocrx_word' id='word_1_144' title='bbox 1200 1983 1255 2050; x_wconf 85' lang='grc' dir='ltr'><em>καί</em></span> <span class='ocrx_word' id='word_1_145' title='bbox 1285 1973 1447 2050; x_wconf 87' lang='grc' dir='ltr'><em>ἀκόντων</em></span> <span class='ocrx_word' id='word_1_146' title='bbox 1477 1987 1585 2052; x_wconf 89' lang='grc' dir='ltr'><em>τινῶν</em></span> 
     </span>
    </p>

    <p class='ocr_par' dir='ltr' id='par_1_5' title="bbox 228 2075 1619 2569">
     <span class='ocr_line' id='line_1_16' title="bbox 228 2075 1584 2170; baseline -0.001 -19"><span class='ocrx_word' id='word_1_147' title='bbox 228 2097 262 2152; x_wconf 78' lang='lat'><em>16</em></span> <span class='ocrx_word' id='word_1_148' title='bbox 278 2080 393 2168; x_wconf 84' lang='grc' dir='ltr'><em>αίρετά</em></span> <span class='ocrx_word' id='word_1_149' title='bbox 424 2083 509 2154; x_wconf 88' lang='grc' dir='ltr'><em>είνοι</em></span> <span class='ocrx_word' id='word_1_150' title='bbox 540 2087 665 2164; x_wconf 86' lang='grc' dir='ltr'><em>δοκεῖν,</em></span> <span class='ocrx_word' id='word_1_151' title='bbox 696 2077 788 2152; x_wconf 87' lang='grc' dir='ltr'><em>πολύ</em></span> <span class='ocrx_word' id='word_1_152' title='bbox 814 2083 849 2148; x_wconf 80' lang='grc' dir='ltr'><em>δὲ</em></span> <span class='ocrx_word' id='word_1_153' title='bbox 875 2083 983 2149; x_wconf 85' lang='grc' dir='ltr'><em>πλέον</em></span> <span class='ocrx_word' id='word_1_154' title='bbox 1009 2075 1074 2168; x_wconf 84' lang='grc' dir='ltr'><em>τήν</em></span> <span class='ocrx_word' id='word_1_155' title='bbox 1096 2075 1222 2167; x_wconf 85' lang='grc' dir='ltr'><em>ἀρετήν</em></span> <span class='ocrx_word' id='word_1_156' title='bbox 1242 2076 1472 2169; x_wconf 82' lang='grc' dir='ltr'><em>περιμάχητον</em></span> <span class='ocrx_word' id='word_1_157' title='bbox 1493 2107 1584 2170; x_wconf 91' lang='grc' dir='ltr'><em>νομι-</em></span> 
     </span>
     <span class='ocr_line' id='line_1_17' title="bbox 278 2173 1585 2272; baseline 0.002 -22"><span class='ocrx_word' id='word_1_158' title='bbox 278 2185 390 2262; x_wconf 92' lang='grc' dir='ltr'><em>στέον,</em></span> <span class='ocrx_word' id='word_1_159' title='bbox 413 2179 458 2272; x_wconf 82' lang='grc' dir='ltr'><em>μή</em></span> <span class='ocrx_word' id='word_1_160' title='bbox 481 2186 527 2264; x_wconf 90' lang='grc' dir='ltr'><em>είς</em></span> <span class='ocrx_word' id='word_1_161' title='bbox 549 2179 635 2254; x_wconf 87' lang='grc' dir='ltr'><em>ἀλλο</em></span> <span class='ocrx_word' id='word_1_162' title='bbox 654 2209 688 2250; x_wconf 94' lang='grc' dir='ltr'><em>τι</em></span> <span class='ocrx_word' id='word_1_163' title='bbox 703 2175 918 2266; x_wconf 83' lang='grc' dir='ltr'><em>ἀφορῶντας,</em></span> <span class='ocrx_word' id='word_1_164' title='bbox 942 2173 1028 2250; x_wconf 84' lang='grc' dir='ltr'><em>ἀλλά</em></span> <span class='ocrx_word' id='word_1_165' title='bbox 1043 2180 1088 2260; x_wconf 90' lang='grc' dir='ltr'><em>είς</em></span> <span class='ocrx_word' id='word_1_166' title='bbox 1104 2173 1189 2249; x_wconf 87' lang='grc' dir='ltr'><em>αύτό</em></span> <span class='ocrx_word' id='word_1_167' title='bbox 1205 2175 1246 2248; x_wconf 85' lang='grc' dir='ltr'><em>τὸ</em></span> <span class='ocrx_word' id='word_1_168' title='bbox 1260 2184 1375 2262; x_wconf 87' lang='grc' dir='ltr'><em>καλῶς</em></span> <span class='ocrx_word' id='word_1_169' title='bbox 1388 2185 1585 2270; x_wconf 83' lang='grc' dir='ltr'><em>πραχθῆναι</em></span> 
     </span>
     <span class='ocr_line' id='line_1_18' title="bbox 277 2271 1619 2368; baseline 0.001 -18"><span class='ocrx_word' id='word_1_170' title='bbox 277 2275 481 2368; x_wconf 89' lang='grc' dir='ltr'><em>δυνάμενον,</em></span> <span class='ocrx_word' id='word_1_171' title='bbox 512 2277 572 2352; x_wconf 86' lang='grc' dir='ltr'><em>έάν</em></span> <span class='ocrx_word' id='word_1_172' title='bbox 602 2305 639 2350; x_wconf 92' lang='grc' dir='ltr'><em>τε</em></span> <span class='ocrx_word' id='word_1_173' title='bbox 670 2279 796 2366; x_wconf 81' lang='grc' dir='ltr'><em>ἑτέρως</em></span> <span class='ocrx_word' id='word_1_174' title='bbox 825 2283 908 2366; x_wconf 80' lang='grc' dir='ltr'><em>δοκῇ</em></span> <span class='ocrx_word' id='word_1_175' title='bbox 940 2301 1028 2350; x_wconf 91' lang='grc' dir='ltr'><em>τισιν</em></span> <span class='ocrx_word' id='word_1_176' title='bbox 1058 2273 1118 2348; x_wconf 86' lang='grc' dir='ltr'><em>έάν</em></span> <span class='ocrx_word' id='word_1_177' title='bbox 1149 2281 1266 2348; x_wconf 77' lang='grc' dir='ltr'><em>τεκαὶ</em></span> <span class='ocrx_word' id='word_1_178' title='bbox 1292 2274 1346 2367; x_wconf 91' lang='grc' dir='ltr'><em>μή.</em></span> <span class='ocrx_word' id='word_1_179' title='bbox 1387 2285 1500 2362; x_wconf 84' lang='grc' dir='ltr'><em>καλῶς</em></span> <span class='ocrx_word' id='word_1_180' title='bbox 1523 2271 1619 2351; x_wconf 78' lang='grc' dir='ltr'><em>ούνθ</em></span> 
     </span>
     <span class='ocr_line' id='line_1_19' title="bbox 275 2367 1583 2468; baseline 0.002 -20"><span class='ocrx_word' id='word_1_181' title='bbox 275 2385 332 2450; x_wconf 89' lang='grc' dir='ltr'><em>καί</em></span> <span class='ocrx_word' id='word_1_182' title='bbox 354 2373 554 2468; x_wconf 83' lang='grc' dir='ltr'><em>Ἐπίκουρος</em></span> <span class='ocrx_word' id='word_1_183' title='bbox 577 2386 738 2450; x_wconf 81' lang='grc' dir='ltr'><em>Μενοικεῖ</em></span> <span class='ocrx_word' id='word_1_184' title='bbox 757 2373 914 2467; x_wconf 87' lang='grc' dir='ltr'><em>γράφων·</em></span> <span class='ocrx_word' id='word_1_185' title='bbox 945 2371 1046 2466; x_wconf 77' lang='grc' dir='ltr'><em>»μήτε</em></span> <span class='ocrx_word' id='word_1_186' title='bbox 1068 2383 1144 2459; x_wconf 83' lang='grc' dir='ltr'><em>νέος</em></span> <span class='ocrx_word' id='word_1_187' title='bbox 1166 2406 1218 2458; x_wconf 92' lang='grc' dir='ltr'><em>τις</em></span> <span class='ocrx_word' id='word_1_188' title='bbox 1239 2367 1291 2446; x_wconf 86' lang='grc' dir='ltr'><em>ῶν</em></span> <span class='ocrx_word' id='word_1_189' title='bbox 1311 2383 1465 2464; x_wconf 89' lang='grc' dir='ltr'><em>μελλέτω</em></span> <span class='ocrx_word' id='word_1_190' title='bbox 1488 2387 1583 2465; x_wconf 88' lang='grc' dir='ltr'><em>φιλο-</em></span> 
     </span>
     <span class='ocr_line' id='line_1_20' title="bbox 276 2469 1583 2569; baseline 0 -19"><span class='ocrx_word' id='word_1_191' title='bbox 276 2497 406 2566; x_wconf 89' lang='grc' dir='ltr'><em>σοφεῖν,</em></span> <span class='ocrx_word' id='word_1_192' title='bbox 427 2473 511 2568; x_wconf 87' lang='grc' dir='ltr'><em>μήτε</em></span> <span class='ocrx_word' id='word_1_193' title='bbox 533 2485 643 2569; x_wconf 91' lang='grc' dir='ltr'><em>γέρων</em></span> <span class='ocrx_word' id='word_1_194' title='bbox 664 2473 828 2564; x_wconf 86' lang='grc' dir='ltr'><em>ύπόρχων</em></span> <span class='ocrx_word' id='word_1_195' title='bbox 849 2473 1007 2548; x_wconf 87' lang='grc' dir='ltr'><em>κοπιάτω</em></span> <span class='ocrx_word' id='word_1_196' title='bbox 1030 2483 1243 2564; x_wconf 88' lang='grc' dir='ltr'><em>φιλοσοφῶν.</em></span> <span class='ocrx_word' id='word_1_197' title='bbox 1285 2469 1364 2548; x_wconf 90' lang='grc' dir='ltr'><em>ούτε</em></span> <span class='ocrx_word' id='word_1_198' title='bbox 1387 2475 1449 2564; x_wconf 86' lang='grc' dir='ltr'><em>γάρ</em></span> <span class='ocrx_word' id='word_1_199' title='bbox 1471 2475 1583 2566; x_wconf 87' lang='grc' dir='ltr'><em>ἀωρος</em></span> 
     </span>
    </p>

    <p class='ocr_par' dir='ltr' id='par_1_6' title="bbox 225 2571 1721 3066">
     <span class='ocr_line' id='line_1_21' title="bbox 225 2571 1619 2666; baseline -0.002 -15"><span class='ocrx_word' id='word_1_200' title='bbox 225 2595 260 2651; x_wconf 83' lang='grc'><em>20</em></span> <span class='ocrx_word' id='word_1_201' title='bbox 277 2574 385 2660; x_wconf 89' lang='grc' dir='ltr'><em>σύδείς</em></span> <span class='ocrx_word' id='word_1_202' title='bbox 416 2581 509 2649; x_wconf 87' lang='grc' dir='ltr'><em>έστιν</em></span> <span class='ocrx_word' id='word_1_203' title='bbox 540 2571 618 2650; x_wconf 83' lang='grc' dir='ltr'><em>ούτε</em></span> <span class='ocrx_word' id='word_1_204' title='bbox 652 2573 811 2666; x_wconf 88' lang='grc' dir='ltr'><em>πάρωρος</em></span> <span class='ocrx_word' id='word_1_205' title='bbox 840 2573 926 2664; x_wconf 84' lang='grc' dir='ltr'><em>πρὸς</em></span> <span class='ocrx_word' id='word_1_206' title='bbox 957 2575 998 2648; x_wconf 87' lang='grc' dir='ltr'><em>τὸ</em></span> <span class='ocrx_word' id='word_1_207' title='bbox 1029 2575 1116 2648; x_wconf 86' lang='grc' dir='ltr'><em>κατά</em></span> <span class='ocrx_word' id='word_1_208' title='bbox 1146 2573 1259 2664; x_wconf 80' lang='grc' dir='ltr'><em>φυγήν</em></span> <span class='ocrx_word' id='word_1_209' title='bbox 1288 2571 1457 2664; x_wconf 86' lang='grc' dir='ltr'><em>ύγιαίνειν.</em></span> <span class='ocrx_word' id='word_1_210' title='bbox 1500 2571 1520 2648; x_wconf 87' lang='grc' dir='ltr'><em>δ</em></span> <span class='ocrx_word' id='word_1_211' title='bbox 1546 2583 1619 2652; x_wconf 75' lang='grc' dir='ltr'><em>δὲο</em></span> 
     </span>
     <span class='ocr_line' id='line_1_22' title="bbox 274 2669 1582 2766; baseline 0 -18"><span class='ocrx_word' id='word_1_212' title='bbox 274 2682 386 2766; x_wconf 88' lang='grc' dir='ltr'><em>λέγων</em></span> <span class='ocrx_word' id='word_1_213' title='bbox 411 2673 514 2766; x_wconf 90' lang='grc' dir='ltr'><em>μήπω</em></span> <span class='ocrx_word' id='word_1_214' title='bbox 541 2682 603 2748; x_wconf 84' lang='grc' dir='ltr'><em>τοῦ</em></span> <span class='ocrx_word' id='word_1_215' title='bbox 631 2687 835 2764; x_wconf 77' lang='grc' dir='ltr'><em>φιλοσοφεῖν</em></span> <span class='ocrx_word' id='word_1_216' title='bbox 856 2671 1016 2762; x_wconf 88' lang='grc' dir='ltr'><em>ύπάρχειν</em></span> <span class='ocrx_word' id='word_1_217' title='bbox 1039 2671 1156 2762; x_wconf 86' lang='grc' dir='ltr'><em>[ῶραν]</em></span> <span class='ocrx_word' id='word_1_218' title='bbox 1180 2669 1201 2763; x_wconf 80' lang='grc' dir='ltr'><em>ἢ</em></span> <span class='ocrx_word' id='word_1_219' title='bbox 1222 2681 1495 2764; x_wconf 87' lang='grc' dir='ltr'><em>παρεληλυθέναι</em></span> <span class='ocrx_word' id='word_1_220' title='bbox 1517 2677 1582 2766; x_wconf 83' lang='grc' dir='ltr'><em>τήν</em></span> 
     </span>
     <span class='ocr_line' id='line_1_23' title="bbox 276 2769 1581 2866; baseline 0 -20"><span class='ocrx_word' id='word_1_221' title='bbox 276 2773 370 2864; x_wconf 86' lang='grc' dir='ltr'><em>ῶραν</em></span> <span class='ocrx_word' id='word_1_222' title='bbox 401 2773 518 2866; x_wconf 79' lang='grc' dir='ltr'><em>ὅμοιός</em></span> <span class='ocrx_word' id='word_1_223' title='bbox 548 2779 619 2847; x_wconf 78' lang='grc' dir='ltr'><em>ἐστι</em></span> <span class='ocrx_word' id='word_1_224' title='bbox 650 2783 701 2866; x_wconf 83' lang='grc' dir='ltr'><em>τῷ</em></span> <span class='ocrx_word' id='word_1_225' title='bbox 734 2781 868 2863; x_wconf 87' lang='grc' dir='ltr'><em>λέγοντι</em></span> <span class='ocrx_word' id='word_1_226' title='bbox 897 2773 984 2862; x_wconf 86' lang='grc' dir='ltr'><em>πρὸς</em></span> <span class='ocrx_word' id='word_1_227' title='bbox 1014 2771 1230 2862; x_wconf 78' lang='grc' dir='ltr'><em>εὐδαιμονέειν</em></span> <span class='ocrx_word' id='word_1_228' title='bbox 1252 2769 1273 2863; x_wconf 78' lang='grc' dir='ltr'><em>ἢ</em></span> <span class='ocrx_word' id='word_1_229' title='bbox 1294 2771 1398 2864; x_wconf 92' lang='grc' dir='ltr'><em>μήπω</em></span> <span class='ocrx_word' id='word_1_230' title='bbox 1424 2793 1581 2864; x_wconf 89' lang='grc' dir='ltr'><em>παρεῖναι</em></span> 
     </span>
     <span class='ocr_line' id='line_1_24' title="bbox 275 2869 1721 2966; baseline 0.004 -20"><span class='ocrx_word' id='word_1_231' title='bbox 275 2873 339 2964; x_wconf 87' lang='grc' dir='ltr'><em>τήν</em></span> <span class='ocrx_word' id='word_1_232' title='bbox 360 2873 454 2962; x_wconf 86' lang='grc' dir='ltr'><em>ῶραν</em></span> <span class='ocrx_word' id='word_1_233' title='bbox 469 2871 491 2965; x_wconf 81' lang='grc' dir='ltr'><em>ἢ</em></span> <span class='ocrx_word' id='word_1_234' title='bbox 506 2871 619 2964; x_wconf 86' lang='grc' dir='ltr'><em>μηκέτ’</em></span> <span class='ocrx_word' id='word_1_235' title='bbox 634 2877 719 2946; x_wconf 81' lang='grc' dir='ltr'><em>εἶναι</em></span> <span class='ocrx_word' id='word_1_236' title='bbox 736 2874 811 2964; x_wconf 87' lang='grc' dir='ltr'><em>[τήν</em></span> <span class='ocrx_word' id='word_1_237' title='bbox 826 2872 940 2962; x_wconf 73' lang='grc' dir='ltr'><em>ῶρανί.</em></span> <span class='ocrx_word' id='word_1_238' title='bbox 970 2869 1058 2944; x_wconf 87' lang='grc' dir='ltr'><em>ῶστε</em></span> <span class='ocrx_word' id='word_1_239' title='bbox 1073 2879 1329 2964; x_wconf 84' lang='grc' dir='ltr'><em>φιλοσοφητέον</em></span> <span class='ocrx_word' id='word_1_240' title='bbox 1343 2883 1399 2947; x_wconf 83' lang='grc' dir='ltr'><em>καὶ</em></span> <span class='ocrx_word' id='word_1_241' title='bbox 1414 2881 1580 2966; x_wconf 80' lang='grc' dir='ltr'><em>νεωτέρῳ</em></span> <span class='ocrx_word' id='word_1_242' title='bbox 1601 2897 1619 2953; x_wconf 77' lang='lat'><em>4</em></span> <span class='ocrx_word' id='word_1_243' title='bbox 1637 2897 1721 2955; x_wconf 75' lang='lat'><em>595?</em></span> 
     </span>
     <span class='ocr_line' id='line_1_25' title="bbox 274 2967 1582 3066; baseline 0.004 -23"><span class='ocrx_word' id='word_1_244' title='bbox 274 2983 330 3046; x_wconf 88' lang='grc' dir='ltr'><em>καί</em></span> <span class='ocrx_word' id='word_1_245' title='bbox 361 2981 510 3062; x_wconf 90' lang='grc' dir='ltr'><em>γέροντι.</em></span> <span class='ocrx_word' id='word_1_246' title='bbox 543 2981 594 3065; x_wconf 83' lang='grc' dir='ltr'><em>τῷ</em></span> <span class='ocrx_word' id='word_1_247' title='bbox 625 2979 686 3063; x_wconf 76' lang='grc' dir='ltr'><em>μὲν</em></span> <span class='ocrx_word' id='word_1_248' title='bbox 717 2967 813 3058; x_wconf 78' lang='grc' dir='ltr'><em>ὅπως</em></span> <span class='ocrx_word' id='word_1_249' title='bbox 844 2971 1021 3064; x_wconf 83' lang='grc' dir='ltr'><em>γηράσκων</em></span> <span class='ocrx_word' id='word_1_250' title='bbox 1053 2968 1150 3060; x_wconf 79' lang='grc' dir='ltr'><em>νεάζη</em></span> <span class='ocrx_word' id='word_1_251' title='bbox 1177 2993 1249 3056; x_wconf 89' lang='grc' dir='ltr'><em>τοῖς</em></span> <span class='ocrx_word' id='word_1_252' title='bbox 1276 2970 1418 3064; x_wconf 75' lang='grc' dir='ltr'><em>ἀγαθοῖς</em></span> <span class='ocrx_word' id='word_1_253' title='bbox 1440 2975 1495 3048; x_wconf 86' lang='grc' dir='ltr'><em>διὰ</em></span> <span class='ocrx_word' id='word_1_254' title='bbox 1518 2976 1582 3066; x_wconf 84' lang='grc' dir='ltr'><em>τήν</em></span> 
     </span>
    </p>

    <p class='ocr_par' dir='ltr' id='par_1_7' title="bbox 224 3065 1583 3264">
     <span class='ocr_line' id='line_1_26' title="bbox 224 3065 1583 3166; baseline 0.001 -20"><span class='ocrx_word' id='word_1_255' title='bbox 224 3093 258 3146; x_wconf 79' lang='lat'><em>‘25</em></span> <span class='ocrx_word' id='word_1_256' title='bbox 275 3071 373 3162; x_wconf 87' lang='grc' dir='ltr'><em>χάριν</em></span> <span class='ocrx_word' id='word_1_257' title='bbox 396 3081 468 3145; x_wconf 89' lang='grc' dir='ltr'><em>τῶν</em></span> <span class='ocrx_word' id='word_1_258' title='bbox 489 3073 695 3164; x_wconf 86' lang='grc' dir='ltr'><em>γεγονότων,</em></span> <span class='ocrx_word' id='word_1_259' title='bbox 723 3079 773 3164; x_wconf 84' lang='grc' dir='ltr'><em>τῷ</em></span> <span class='ocrx_word' id='word_1_260' title='bbox 797 3079 832 3144; x_wconf 77' lang='grc' dir='ltr'><em>δὲ</em></span> <span class='ocrx_word' id='word_1_261' title='bbox 854 3067 950 3156; x_wconf 81' lang='grc' dir='ltr'><em>ὅπως</em></span> <span class='ocrx_word' id='word_1_262' title='bbox 973 3077 1049 3154; x_wconf 88' lang='grc' dir='ltr'><em>νέος</em></span> <span class='ocrx_word' id='word_1_263' title='bbox 1070 3065 1137 3160; x_wconf 83' lang='grc' dir='ltr'><em>ἀμα</em></span> <span class='ocrx_word' id='word_1_264' title='bbox 1158 3079 1213 3144; x_wconf 84' lang='grc' dir='ltr'><em>καί</em></span> <span class='ocrx_word' id='word_1_265' title='bbox 1234 3073 1380 3156; x_wconf 86' lang='grc' dir='ltr'><em>παλαιὸς</em></span> <span class='ocrx_word' id='word_1_266' title='bbox 1402 3065 1423 3162; x_wconf 84' lang='grc' dir='ltr'><em>ή</em></span> <span class='ocrx_word' id='word_1_267' title='bbox 1446 3075 1500 3146; x_wconf 86' lang='grc' dir='ltr'><em>διά</em></span> <span class='ocrx_word' id='word_1_268' title='bbox 1519 3075 1583 3166; x_wconf 87' lang='grc' dir='ltr'><em>τήν</em></span> 
     </span>
     <span class='ocr_line' id='line_1_27' title="bbox 276 3171 765 3264; baseline -0.01 -18"><span class='ocrx_word' id='word_1_269' title='bbox 276 3171 424 3259; x_wconf 75' lang='grc' dir='ltr'><em>ἀφοβίαν</em></span> <span class='ocrx_word' id='word_1_270' title='bbox 446 3181 520 3245; x_wconf 91' lang='grc' dir='ltr'><em>τῶν</em></span> <span class='ocrx_word' id='word_1_271' title='bbox 539 3171 765 3264; x_wconf 78' lang='grc' dir='ltr'><em>μελλόντωνπ</em></span> 
     </span>
    </p>
   </div>
   <div class='ocr_carea' id='block_1_3' title="bbox 225 3265 1677 3762">
    <p class='ocr_par' dir='ltr' id='par_1_8' title="bbox 275 3265 1677 3562">
     <span class='ocr_line' id='line_1_28' title="bbox 358 3265 1677 3363; baseline 0.005 -21"><span class='ocrx_word' id='word_1_272' title='bbox 358 3277 411 3344; x_wconf 71' lang='lat' dir='ltr'><em>lx</em></span> <span class='ocrx_word' id='word_1_273' title='bbox 440 3279 521 3363; x_wconf 82' lang='grc' dir='ltr'><em>Περὶ</em></span> <span class='ocrx_word' id='word_1_274' title='bbox 544 3279 579 3346; x_wconf 80' lang='grc' dir='ltr'><em>δὲ</em></span> <span class='ocrx_word' id='word_1_275' title='bbox 607 3277 669 3344; x_wconf 87' lang='grc' dir='ltr'><em>τοῦ</em></span> <span class='ocrx_word' id='word_1_276' title='bbox 694 3281 882 3362; x_wconf 91' lang='grc' dir='ltr'><em>μαρτυρίου</em></span> <span class='ocrx_word' id='word_1_277' title='bbox 903 3269 1087 3362; x_wconf 89' lang='grc' dir='ltr'><em>διαρρήδην</em></span> <span class='ocrx_word' id='word_1_278' title='bbox 1108 3265 1127 3344; x_wconf 86' lang='grc' dir='ltr'><em>ό</em></span> <span class='ocrx_word' id='word_1_279' title='bbox 1149 3270 1264 3360; x_wconf 86' lang='grc' dir='ltr'><em>κύριος</em></span> <span class='ocrx_word' id='word_1_280' title='bbox 1286 3275 1429 3362; x_wconf 87' lang='grc' dir='ltr'><em>είρηκεν,</em></span> <span class='ocrx_word' id='word_1_281' title='bbox 1460 3281 1515 3346; x_wconf 87' lang='grc' dir='ltr'><em>καί</em></span> <span class='ocrx_word' id='word_1_282' title='bbox 1538 3275 1581 3346; x_wconf 84' lang='grc' dir='ltr'><em>τά</em></span> <span class='ocrx_word' id='word_1_283' title='bbox 1602 3291 1677 3354; x_wconf 63' lang='lat' dir='ltr'><em>ml</em></span> 
     </span>
     <span class='ocr_line' id='line_1_29' title="bbox 275 3367 1581 3466; baseline 0.002 -24"><span class='ocrx_word' id='word_1_284' title='bbox 275 3369 449 3458; x_wconf 83' lang='grc' dir='ltr'><em>διαφόρως</em></span> <span class='ocrx_word' id='word_1_285' title='bbox 471 3379 678 3462; x_wconf 84' lang='grc' dir='ltr'><em>γεγραμμένα</em></span> <span class='ocrx_word' id='word_1_286' title='bbox 700 3367 930 3462; x_wconf 73' lang='grc' dir='ltr'><em>συντάξωμεν·</em></span> <span class='ocrx_word' id='word_1_287' title='bbox 970 3379 1074 3460; x_wconf 68' lang='grc' dir='ltr'><em>»λέγω</em></span> <span class='ocrx_word' id='word_1_288' title='bbox 1097 3377 1133 3444; x_wconf 79' lang='grc' dir='ltr'><em>δὲ</em></span> <span class='ocrx_word' id='word_1_289' title='bbox 1154 3367 1241 3462; x_wconf 89' lang='grc' dir='ltr'><em>ύμῖν,</em></span> <span class='ocrx_word' id='word_1_290' title='bbox 1274 3379 1342 3456; x_wconf 85' lang='grc' dir='ltr'><em>πᾶς</em></span> <span class='ocrx_word' id='word_1_291' title='bbox 1363 3367 1401 3457; x_wconf 80' lang='grc' dir='ltr'><em>ἀς</em></span> <span class='ocrx_word' id='word_1_292' title='bbox 1423 3373 1483 3446; x_wconf 86' lang='grc' dir='ltr'><em>έάν</em></span> <span class='ocrx_word' id='word_1_293' title='bbox 1504 3368 1581 3466; x_wconf 85' lang='grc' dir='ltr'><em>ἀμο-</em></span> 
     </span>
     <span class='ocr_line' id='line_1_30' title="bbox 276 3466 1582 3562; baseline 0.001 -19"><span class='ocrx_word' id='word_1_294' title='bbox 276 3470 403 3562; x_wconf 84' lang='grc' dir='ltr'><em>λογήση</em></span> <span class='ocrx_word' id='word_1_295' title='bbox 426 3476 463 3542; x_wconf 90' lang='grc' dir='ltr'><em>έν</em></span> <span class='ocrx_word' id='word_1_296' title='bbox 485 3475 558 3560; x_wconf 83' lang='grc' dir='ltr'><em>έμοί</em></span> <span class='ocrx_word' id='word_1_297' title='bbox 579 3473 773 3560; x_wconf 79' lang='grc' dir='ltr'><em>ἔμπροσθεν</em></span> <span class='ocrx_word' id='word_1_298' title='bbox 794 3477 869 3544; x_wconf 91' lang='grc' dir='ltr'><em>τῶν</em></span> <span class='ocrx_word' id='word_1_299' title='bbox 891 3467 1101 3560; x_wconf 78' lang='grc' dir='ltr'><em>ἀνθρώπων,</em></span> <span class='ocrx_word' id='word_1_300' title='bbox 1122 3476 1178 3542; x_wconf 82' lang='grc' dir='ltr'><em>καί</em></span> <span class='ocrx_word' id='word_1_301' title='bbox 1194 3466 1213 3542; x_wconf 88' lang='grc' dir='ltr'><em>ό</em></span> <span class='ocrx_word' id='word_1_302' title='bbox 1227 3471 1300 3555; x_wconf 88' lang='grc' dir='ltr'><em>υίὸς</em></span> <span class='ocrx_word' id='word_1_303' title='bbox 1316 3479 1377 3544; x_wconf 85' lang='grc' dir='ltr'><em>τοῦ</em></span> <span class='ocrx_word' id='word_1_304' title='bbox 1391 3471 1582 3560; x_wconf 88' lang='grc' dir='ltr'><em>ἀνθρῶπου</em></span> 
     </span>
    </p>

    <p class='ocr_par' dir='ltr' id='par_1_9' title="bbox 225 3565 1583 3762">
     <span class='ocr_line' id='line_1_31' title="bbox 225 3565 1582 3661; baseline 0.003 -19"><span class='ocrx_word' id='word_1_305' title='bbox 225 3565 478 3661; x_wconf 76' lang='grc' dir='ltr'><em>οοάμολογήσει</em></span> <span class='ocrx_word' id='word_1_306' title='bbox 513 3575 550 3642; x_wconf 86' lang='grc' dir='ltr'><em>έν</em></span> <span class='ocrx_word' id='word_1_307' title='bbox 585 3567 678 3660; x_wconf 84' lang='grc' dir='ltr'><em>αύτῷ</em></span> <span class='ocrx_word' id='word_1_308' title='bbox 714 3571 907 3660; x_wconf 81' lang='grc' dir='ltr'><em>ἔμπροσθεν</em></span> <span class='ocrx_word' id='word_1_309' title='bbox 938 3577 1011 3642; x_wconf 90' lang='grc' dir='ltr'><em>τῶν</em></span> <span class='ocrx_word' id='word_1_310' title='bbox 1041 3565 1196 3660; x_wconf 90' lang='grc' dir='ltr'><em>ἀγγέλων</em></span> <span class='ocrx_word' id='word_1_311' title='bbox 1227 3578 1290 3644; x_wconf 90' lang='grc' dir='ltr'><em>τού</em></span> <span class='ocrx_word' id='word_1_312' title='bbox 1320 3579 1417 3644; x_wconf 86' lang='grc' dir='ltr'><em>θεοῦ·</em></span> <span class='ocrx_word' id='word_1_313' title='bbox 1453 3573 1517 3646; x_wconf 88' lang='grc' dir='ltr'><em>τὸν</em></span> <span class='ocrx_word' id='word_1_314' title='bbox 1547 3579 1582 3646; x_wconf 79' lang='grc' dir='ltr'><em>δὲ</em></span> 
     </span>
     <span class='ocr_line' id='line_1_32' title="bbox 275 3665 1583 3762; baseline 0.002 -20"><span class='ocrx_word' id='word_1_315' title='bbox 275 3666 509 3760; x_wconf 87' lang='grc' dir='ltr'><em>ἀρνησόμενόν</em></span> <span class='ocrx_word' id='word_1_316' title='bbox 530 3697 570 3758; x_wconf 89' lang='grc' dir='ltr'><em>με</em></span> <span class='ocrx_word' id='word_1_317' title='bbox 591 3670 743 3742; x_wconf 86' lang='grc' dir='ltr'><em>ένῶπιον</em></span> <span class='ocrx_word' id='word_1_318' title='bbox 767 3675 840 3741; x_wconf 90' lang='grc' dir='ltr'><em>τῶν</em></span> <span class='ocrx_word' id='word_1_319' title='bbox 861 3665 1064 3758; x_wconf 81' lang='grc' dir='ltr'><em>ἀνθρώπων</em></span> <span class='ocrx_word' id='word_1_320' title='bbox 1085 3667 1321 3760; x_wconf 89' lang='grc' dir='ltr'><em>ἀπαρνήσομαι</em></span> <span class='ocrx_word' id='word_1_321' title='bbox 1341 3667 1449 3744; x_wconf 89' lang='grc' dir='ltr'><em>αύτὸν</em></span> <span class='ocrx_word' id='word_1_322' title='bbox 1463 3675 1583 3762; x_wconf 81' lang='grc' dir='ltr'><em>ἔμπρο·</em></span> 
     </span>
    </p>
   </div>
   <div class='ocr_carea' id='block_1_4' title="bbox 277 3853 1582 4092">
    <p class='ocr_par' dir='ltr' id='par_1_10' title="bbox 277 3853 1582 4092">
     <span class='ocr_line' id='line_1_33' title="bbox 361 3853 1530 3928; baseline 0.002 -16"><span class='ocrx_word' id='word_1_323' title='bbox 361 3857 474 3913; x_wconf 80' lang='grc' dir='ltr'><em>Ῑθ-Ῑί</em></span> <span class='ocrx_word' id='word_1_324' title='bbox 498 3853 525 3914; x_wconf 89' lang='grc' dir='ltr'><em>εί</em></span> <span class='ocrx_word' id='word_1_325' title='bbox 541 3861 636 3911; x_wconf 84' lang='grc' dir='ltr'><em>τῶν-</em></span> <span class='ocrx_word' id='word_1_326' title='bbox 642 3857 681 3926; x_wconf 77' lang='grc' dir='ltr'><em>μή</em></span> <span class='ocrx_word' id='word_1_327' title='bbox 700 3855 773 3911; x_wconf 76' lang='lat' dir='ltr'><strong>Saer.</strong></span> <span class='ocrx_word' id='word_1_328' title='bbox 793 3855 853 3912; x_wconf 76' lang='grc' dir='ltr'><em>Ρετ.</em></span> <span class='ocrx_word' id='word_1_329' title='bbox 870 3857 922 3912; x_wconf 82' lang='grc'><em>240</em></span> <span class='ocrx_word' id='word_1_330' title='bbox 939 3856 1004 3912; x_wconf 82' lang='lat' dir='ltr'>Holl</span> <span class='ocrx_word' id='word_1_331' title='bbox 1085 3855 1219 3928; x_wconf 79' lang='lat' dir='ltr'>Chrysipp</span> <span class='ocrx_word' id='word_1_332' title='bbox 1237 3857 1280 3912; x_wconf 77' lang='lat' dir='ltr'><em>Fr.</em></span> <span class='ocrx_word' id='word_1_333' title='bbox 1299 3875 1365 3914; x_wconf 86' lang='lat' dir='ltr'>mor.</span> <span class='ocrx_word' id='word_1_334' title='bbox 1383 3861 1417 3914; x_wconf 80' lang='grc'><em>46</em></span> <span class='ocrx_word' id='word_1_335' title='bbox 1435 3859 1530 3914; x_wconf 79' lang='lat' dir='ltr'>Arnim</span> 
     </span>
     <span class='ocr_line' id='line_1_34' title="bbox 278 3937 1582 4012; baseline 0.003 -16"><span class='ocrx_word' id='word_1_336' title='bbox 278 3941 390 3996; x_wconf 68' lang='lat'>18-20</span> <span class='ocrx_word' id='word_1_337' title='bbox 407 3938 512 4012; x_wconf 74' lang='lat' dir='ltr'><strong>Epikur</strong></span> <span class='ocrx_word' id='word_1_338' title='bbox 531 3937 579 4010; x_wconf 76' lang='lat' dir='ltr'><em>Ep.</em></span> <span class='ocrx_word' id='word_1_339' title='bbox 598 3940 635 3994; x_wconf 91' lang='lat'><em>111</em></span> <span class='ocrx_word' id='word_1_340' title='bbox 655 3939 718 3994; x_wconf 77' lang='lat' dir='ltr'><strong>Ans.</strong></span> <span class='ocrx_word' id='word_1_341' title='bbox 737 3939 816 4010; x_wconf 72' lang='grc' dir='ltr'><em>Βίας.</em></span> <span class='ocrx_word' id='word_1_342' title='bbox 835 3940 924 3996; x_wconf 70' lang='lat' dir='ltr'><strong>baert.</strong></span> <span class='ocrx_word' id='word_1_343' title='bbox 943 3941 967 3994; x_wconf 86' lang='lat' dir='ltr'>X</span> <span class='ocrx_word' id='word_1_344' title='bbox 987 3941 1036 3996; x_wconf 83' lang='lat'><em>122</em></span> <span class='ocrx_word' id='word_1_345' title='bbox 1104 3941 1209 3996; x_wconf 70' lang='lat' dir='ltr'><strong>Usener</strong></span> <span class='ocrx_word' id='word_1_346' title='bbox 1226 3941 1275 4012; x_wconf 72' lang='lat' dir='ltr'><em>Ep.</em></span> <span class='ocrx_word' id='word_1_347' title='bbox 1292 3943 1332 4008; x_wconf 77' lang='lat'><em>59,</em></span> <span class='ocrx_word' id='word_1_348' title='bbox 1352 3945 1435 3998; x_wconf 89' lang='lat'>1-10</span> <span class='ocrx_word' id='word_1_349' title='bbox 1509 3943 1582 4000; x_wconf 78' lang='lat'><em>28-</em></span> 
     </span>
     <span class='ocr_line' id='line_1_35' title="bbox 277 4023 632 4092; baseline 0.006 -16"><span class='ocrx_word' id='word_1_350' title='bbox 277 4025 302 4078; x_wconf 75' lang='lat' dir='ltr'><em>S.</em></span> <span class='ocrx_word' id='word_1_351' title='bbox 321 4025 389 4092; x_wconf 77' lang='lat'>2⁸0,</span> <span class='ocrx_word' id='word_1_352' title='bbox 412 4025 427 4080; x_wconf 89' lang='lat'>1</span> <span class='ocrx_word' id='word_1_353' title='bbox 449 4023 515 4080; x_wconf 66' lang='lat' dir='ltr'><strong>nuk.</strong></span> <span class='ocrx_word' id='word_1_354' title='bbox 535 4026 574 4086; x_wconf 86' lang='lat'><em>12,</em></span> <span class='ocrx_word' id='word_1_355' title='bbox 592 4024 632 4078; x_wconf 85' lang='grc' dir='ltr'><em>8ί</em></span> 
     </span>
    </p>
   </div>
   <div class='ocr_carea' id='block_1_5' title="bbox 275 4167 1583 4766">
    <p class='ocr_par' dir='ltr' id='par_1_11' title="bbox 363 4167 1582 4256">
     <span class='ocr_line' id='line_1_36' title="bbox 363 4167 1582 4256; baseline 0.002 -17"><span class='ocrx_word' id='word_1_356' title='bbox 363 4184 376 4239; x_wconf 87' lang='lat'>1</span> <span class='ocrx_word' id='word_1_357' title='bbox 401 4167 449 4240; x_wconf 68' lang='grc' dir='ltr'><em>ἀαί</em></span> <span class='ocrx_word' id='word_1_358' title='bbox 468 4189 603 4254; x_wconf 79' lang='grc' dir='ltr'><em>γιναῖκας</em></span> <span class='ocrx_word' id='word_1_359' title='bbox 619 4169 668 4239; x_wconf 74' lang='grc' dir='ltr'><em>ἀαί</em></span> <span class='ocrx_word' id='word_1_360' title='bbox 686 4181 798 4248; x_wconf 88' lang='grc' dir='ltr'><em>οίκέτας</em></span> <span class='ocrx_word' id='word_1_361' title='bbox 815 4183 931 4238; x_wconf 78' lang='lat' dir='ltr'>Zeichen</span> <span class='ocrx_word' id='word_1_362' title='bbox 949 4183 998 4238; x_wconf 81' lang='lat' dir='ltr'><em>der</em></span> <span class='ocrx_word' id='word_1_363' title='bbox 1018 4185 1193 4256; x_wconf 74' lang='lat' dir='ltr'><strong>Umstellung</strong></span> <span class='ocrx_word' id='word_1_364' title='bbox 1211 4185 1244 4240; x_wconf 62' lang='grc' dir='ltr'><em>[τ’</em></span> <span class='ocrx_word' id='word_1_365' title='bbox 1318 4182 1430 4251; x_wconf 81' lang='grc' dir='ltr'><em>οἰκέτας</em></span> <span class='ocrx_word' id='word_1_366' title='bbox 1449 4203 1516 4242; x_wconf 82' lang='lat' dir='ltr'>corr.</span> <span class='ocrx_word' id='word_1_367' title='bbox 1533 4205 1582 4242; x_wconf 81' lang='grc' dir='ltr'><em>ευε</em></span> 
     </span>
    </p>

    <p class='ocr_par' dir='ltr' id='par_1_12' title="bbox 275 4265 1583 4766">
     <span class='ocr_line' id='line_1_37' title="bbox 277 4265 1581 4336; baseline 0.002 -12"><span class='ocrx_word' id='word_1_368' title='bbox 277 4265 371 4333; x_wconf 70' lang='grc' dir='ltr'><em>ἱκέτας</em></span> <span class='ocrx_word' id='word_1_369' title='bbox 394 4269 428 4322; x_wconf 87' lang='lat' dir='ltr'><em>L¹</em></span> <span class='ocrx_word' id='word_1_370' title='bbox 521 4267 539 4324; x_wconf 78' lang='lat'>4</span> <span class='ocrx_word' id='word_1_371' title='bbox 566 4270 659 4336; x_wconf 82' lang='grc' dir='ltr'><em>ζήσειν</em></span> <span class='ocrx_word' id='word_1_372' title='bbox 683 4271 711 4323; x_wconf 86' lang='grc' dir='ltr'><em>ίσ</em></span> <span class='ocrx_word' id='word_1_373' title='bbox 728 4285 796 4323; x_wconf 82' lang='lat' dir='ltr'><strong>corr.</strong></span> <span class='ocrx_word' id='word_1_374' title='bbox 815 4285 863 4322; x_wconf 81' lang='grc' dir='ltr'><em>εαε</em></span> <span class='ocrx_word' id='word_1_375' title='bbox 881 4271 907 4334; x_wconf 91' lang='grc' dir='ltr'><em>ν)</em></span> <span class='ocrx_word' id='word_1_376' title='bbox 935 4267 968 4322; x_wconf 65' lang='grc' dir='ltr'><em>Ιθ</em></span> <span class='ocrx_word' id='word_1_377' title='bbox 1058 4269 1078 4325; x_wconf 74' lang='grc' dir='ltr'><em>δ</em></span> <span class='ocrx_word' id='word_1_378' title='bbox 1104 4267 1271 4326; x_wconf 86' lang='grc' dir='ltr'><em>ἀποπέσωαι</em></span> <span class='ocrx_word' id='word_1_379' title='bbox 1297 4288 1330 4324; x_wconf 78' lang='lat' dir='ltr'><em>w.</em></span> <span class='ocrx_word' id='word_1_380' title='bbox 1348 4287 1371 4326; x_wconf 86' lang='grc' dir='ltr'><em>ε.</em></span> <span class='ocrx_word' id='word_1_381' title='bbox 1390 4271 1485 4326; x_wconf 55' lang='lat' dir='ltr'>nebda</span> <span class='ocrx_word' id='word_1_382' title='bbox 1512 4269 1581 4328; x_wconf 86' lang='grc' dir='ltr'><em>ἀπο-</em></span> 
     </span>
     <span class='ocr_line' id='line_1_38' title="bbox 276 4348 1583 4426; baseline 0.003 -18"><span class='ocrx_word' id='word_1_383' title='bbox 276 4351 398 4408; x_wconf 82' lang='grc' dir='ltr'><em>πτέαωσι</em></span> <span class='ocrx_word' id='word_1_384' title='bbox 418 4350 452 4406; x_wconf 87' lang='lat' dir='ltr'><em>Vi</em></span> <span class='ocrx_word' id='word_1_385' title='bbox 470 4348 668 4408; x_wconf 83' lang='grc' dir='ltr'><em>ἀποπταίσιοσι</em></span> <span class='ocrx_word' id='word_1_386' title='bbox 687 4353 722 4422; x_wconf 85' lang='lat' dir='ltr'><em>Sy</em></span> <span class='ocrx_word' id='word_1_387' title='bbox 800 4349 1058 4420; x_wconf 70' lang='grc' dir='ltr'><em>ίίθειασύιτηνίι</em></span> <span class='ocrx_word' id='word_1_388' title='bbox 1127 4355 1163 4411; x_wconf 91' lang='lat'><em>11</em></span> <span class='ocrx_word' id='word_1_389' title='bbox 1182 4353 1292 4410; x_wconf 84' lang='grc' dir='ltr'><em>τοίτιον</em></span> <span class='ocrx_word' id='word_1_390' title='bbox 1310 4353 1399 4408; x_wconf 79' lang='grc' dir='ltr'><em>Ηὶίίετ</em></span> <span class='ocrx_word' id='word_1_391' title='bbox 1466 4351 1518 4426; x_wconf 83' lang='grc' dir='ltr'><em>[έν]</em></span> <span class='ocrx_word' id='word_1_392' title='bbox 1537 4355 1583 4412; x_wconf 75' lang='lat' dir='ltr'><em>Ma</em></span> 
     </span>
     <span class='ocr_line' id='line_1_39' title="bbox 311 4433 1583 4510; baseline 0.002 -18"><span class='ocrx_word' id='word_1_393' title='bbox 311 4437 348 4492; x_wconf 74' lang='lat'><em>12</em></span> <span class='ocrx_word' id='word_1_394' title='bbox 368 4433 500 4492; x_wconf 65' lang='grc' dir='ltr'><em>αίτῶνΙ,</em></span> <span class='ocrx_word' id='word_1_395' title='bbox 572 4437 609 4492; x_wconf 82' lang='grc' dir='ltr'><em>Ιθ</em></span> <span class='ocrx_word' id='word_1_396' title='bbox 628 4433 760 4506; x_wconf 82' lang='grc' dir='ltr'><em>ἀρέσκειν</em></span> <span class='ocrx_word' id='word_1_397' title='bbox 778 4433 1025 4510; x_wconf 53' lang='lat' dir='ltr'><em>commmodum</em></span> <span class='ocrx_word' id='word_1_398' title='bbox 1045 4439 1078 4492; x_wconf 59' lang='grc' dir='ltr'><em>[τί</em></span> <span class='ocrx_word' id='word_1_399' title='bbox 1148 4438 1186 4494; x_wconf 76' lang='lat'><em>¹5</em></span> <span class='ocrx_word' id='word_1_400' title='bbox 1204 4435 1312 4508; x_wconf 72' lang='grc' dir='ltr'><strong>[δὲ]Ψί</strong></span> <span class='ocrx_word' id='word_1_401' title='bbox 1376 4438 1583 4510; x_wconf 83' lang='grc' dir='ltr'><em>περιμάχητον]</em></span> 
     </span>
     <span class='ocr_line' id='line_1_40' title="bbox 277 4511 1582 4594; baseline 0.003 -18"><span class='ocrx_word' id='word_1_402' title='bbox 277 4527 308 4582; x_wconf 77' lang='lat'><em>÷</em></span> <span class='ocrx_word' id='word_1_403' title='bbox 321 4513 395 4576; x_wconf 87' lang='grc' dir='ltr'><em>είναι</em></span> <span class='ocrx_word' id='word_1_404' title='bbox 413 4521 485 4574; x_wconf 73' lang='lat' dir='ltr'>Saer.</span> <span class='ocrx_word' id='word_1_405' title='bbox 505 4519 565 4574; x_wconf 76' lang='lat' dir='ltr'><strong>Par.</strong></span> <span class='ocrx_word' id='word_1_406' title='bbox 646 4521 683 4576; x_wconf 80' lang='lat'><em>18</em></span> <span class='ocrx_word' id='word_1_407' title='bbox 701 4517 783 4589; x_wconf 82' lang='grc' dir='ltr'><em>ἀλλὰ]</em></span> <span class='ocrx_word' id='word_1_408' title='bbox 801 4511 891 4590; x_wconf 73' lang='grc' dir='ltr'><em>ἀλλ’ἢ</em></span> <span class='ocrx_word' id='word_1_409' title='bbox 908 4519 980 4576; x_wconf 72' lang='lat' dir='ltr'>Suet.</span> <span class='ocrx_word' id='word_1_410' title='bbox 994 4523 1054 4577; x_wconf 76' lang='lat' dir='ltr'><strong>Par.</strong></span> <span class='ocrx_word' id='word_1_411' title='bbox 1137 4523 1172 4578; x_wconf 75' lang='lat'><em>17</em></span> <span class='ocrx_word' id='word_1_412' title='bbox 1193 4516 1296 4594; x_wconf 77' lang='grc' dir='ltr'><em>ἑτέρως</em></span> <span class='ocrx_word' id='word_1_413' title='bbox 1308 4523 1416 4578; x_wconf 69' lang='lat' dir='ltr'><strong>Munna}</strong></span> <span class='ocrx_word' id='word_1_414' title='bbox 1435 4519 1582 4594; x_wconf 71' lang='grc' dir='ltr'><em>έτέροιςῐι</em></span> 
     </span>
     <span class='ocr_line' id='line_1_41' title="bbox 312 4599 1581 4678; baseline 0.002 -18"><span class='ocrx_word' id='word_1_415' title='bbox 312 4605 350 4660; x_wconf 87' lang='lat'><em>18</em></span> <span class='ocrx_word' id='word_1_416' title='bbox 375 4601 501 4672; x_wconf 87' lang='grc' dir='ltr'><em>μελλέτω</em></span> <span class='ocrx_word' id='word_1_417' title='bbox 519 4603 554 4658; x_wconf 71' lang='lat' dir='ltr'><em>Vi</em></span> <span class='ocrx_word' id='word_1_418' title='bbox 577 4603 685 4674; x_wconf 84' lang='grc' dir='ltr'><em>μελέτω</em></span> <span class='ocrx_word' id='word_1_419' title='bbox 705 4605 725 4658; x_wconf 89' lang='lat' dir='ltr'>L</span> <span class='ocrx_word' id='word_1_420' title='bbox 815 4605 855 4660; x_wconf 74' lang='lat'><em>20</em></span> <span class='ocrx_word' id='word_1_421' title='bbox 877 4601 1004 4676; x_wconf 74' lang='grc' dir='ltr'><em>ὑγιαῖνον</em></span> <span class='ocrx_word' id='word_1_422' title='bbox 1027 4605 1106 4676; x_wconf 80' lang='lat' dir='ltr'>Diog.</span> <span class='ocrx_word' id='word_1_423' title='bbox 1192 4607 1230 4662; x_wconf 74' lang='lat'><em>21</em></span> <span class='ocrx_word' id='word_1_424' title='bbox 1254 4599 1355 4678; x_wconf 81' lang='grc' dir='ltr'><em>[ὥραν]</em></span> <span class='ocrx_word' id='word_1_425' title='bbox 1378 4607 1483 4664; x_wconf 80' lang='lat' dir='ltr'>Usener</span> <span class='ocrx_word' id='word_1_426' title='bbox 1505 4611 1581 4678; x_wconf 80' lang='grc' dir='ltr'><em>(τηνΙ</em></span> 
     </span>
     <span class='ocr_line' id='line_1_42' title="bbox 275 4679 1531 4766; baseline 0.005 -24"><span class='ocrx_word' id='word_1_427' title='bbox 275 4679 356 4756; x_wconf 83' lang='grc' dir='ltr'><em>ὥραν</em></span> <span class='ocrx_word' id='word_1_428' title='bbox 375 4687 462 4742; x_wconf 71' lang='lat' dir='ltr'>Cobet</span> <span class='ocrx_word' id='word_1_429' title='bbox 540 4689 579 4744; x_wconf 77' lang='lat'><em>22</em></span> <span class='ocrx_word' id='word_1_430' title='bbox 598 4689 693 4760; x_wconf 79' lang='grc' dir='ltr'><em>μήπω]</em></span> <span class='ocrx_word' id='word_1_431' title='bbox 710 4689 749 4758; x_wconf 76' lang='grc' dir='ltr'><em>μή</em></span> <span class='ocrx_word' id='word_1_432' title='bbox 768 4686 848 4758; x_wconf 78' lang='lat' dir='ltr'><strong>Diog.</strong></span> <span class='ocrx_word' id='word_1_433' title='bbox 927 4689 966 4746; x_wconf 72' lang='lat'><em>28</em></span> <span class='ocrx_word' id='word_1_434' title='bbox 984 4689 1035 4758; x_wconf 77' lang='grc' dir='ltr'><em>τήν</em></span> <span class='ocrx_word' id='word_1_435' title='bbox 1052 4683 1152 4760; x_wconf 71' lang='grc' dir='ltr'><em>ίύραν2</em></span> <span class='ocrx_word' id='word_1_436' title='bbox 1169 4700 1203 4750; x_wconf 94' lang='grc'>&lt;</span> <span class='ocrx_word' id='word_1_437' title='bbox 1220 4691 1299 4761; x_wconf 77' lang='lat' dir='ltr'>Diog.</span> <span class='ocrx_word' id='word_1_438' title='bbox 1380 4691 1434 4766; x_wconf 87' lang='grc' dir='ltr'><em>νέῳ</em></span> <span class='ocrx_word' id='word_1_439' title='bbox 1452 4692 1531 4762; x_wconf 78' lang='lat' dir='ltr'><strong>Diog.</strong></span> 
     </span>
    </p>
   </div>
   <div class='ocr_carea' id='block_1_6' title="bbox 0 0 1884 5534">
    <p class='ocr_par' dir='ltr' id='par_1_13' title="bbox 0 0 1884 5534">
     <span class='ocr_line' id='line_1_43' title="bbox 0 0 1884 5534; baseline 0 1"><span class='ocrx_word' id='word_1_440' title='bbox 0 0 1884 5534; x_wconf 95' lang='lat' dir='ltr'><em> </em></span> 
     </span>
    </p>
   </div>
  </div>
 </body>
</html>
