3784 5532
547 543 686 598 stromata
704 543 723 596 1.
746 541 811 615 Cap.
825 543 922 600 xxm.
942 547 998 612 155,
1012 545 1127 616 ί-Οαρ.
1139 545 1237 599 XXIV.
1257 545 1314 610 158,
1325 545 1349 600 2.
1561 551 1601 614 99

296 699 345 786 τός
366 707 508 794 εἴρηται,
539 705 662 794 ῥεχθὲν
687 709 726 778 δέ
746 735 783 778 τε
805 709 838 778 σί
862 703 978 796 νήπιοι
1000 709 1153 796 ἔγνωσαν
1178 700 1320 794 ῦστερόν
1341 735 1378 780 τε
1402 703 1547 794 ἐξιόντες
1568 711 1601 780 οί

293 799 438 892 Ἑβραῖοι
458 803 595 894 πολλὴν
617 813 710 878 λείαν
732 813 805 878 τῶν
819 812 1020 896 Αἰγυπτίων
1035 805 1287 899 ίκφορήσαντες
1302 803 1463 898 ἀπηεσαν,
1485 801 1527 878 οῦ
1546 805 1601 878 διὰ

297 911 582 994 φιλοχρηματίαν,
609 901 658 988 τός
680 909 712 976 οί
733 903 917 996 κατήγοροί
939 930 1042 993 φασιν
1063 903 1153 994 (οῦδε
1176 905 1239 996 γὰρ
1261 902 1455 994 ἀλλοτρίων
1477 903 1601 990 αὐτοῦς

295 999 476 1074 ἀνέπειθεν
497 1006 674 1094 ἐπιθυμεῖν
695 999 715 1076 ό
737 1001 841 1093 θεός),
863 1003 950 1078 ἀλλά
972 1012 1115 1094 πρῶτον
1137 1011 1199 1096 μὲν
1221 997 1273 1076 σόν
1293 1005 1385 1094 παρὰ
1402 1003 1518 1078 πάντα
1537 1005 1637 1077 τόνθ

259 1116 276 1165 Ῑι
294 1097 421 1190 χρόνον
451 1097 669 1194 ὑπηρέτησαν
698 1123 771 1188 τοῖς
793 1109 993 1194 Αἰγυπτίοις
1021 1104 1148 1194 μισθόν
1168 1101 1355 1194 ἀναγκαῖον
1376 1101 1599 1194 κομιζόμενοι,

296 1205 411 1272 ἔπειτα
433 1205 468 1272 δὲ
488 1207 543 1272 καί
566 1199 698 1291 τρόπον
719 1202 797 1276 τινά
820 1201 991 1296 ἠμύναντο
1013 1201 1281 1288 ἀντιλυποῦντες
1304 1201 1352 1288 αός
1374 1201 1600 1294 φιλαργύρους

296 1305 502 1390 Αἰγυπτίους
524 1307 567 1390 τῇ
590 1309 650 1392 τῆς
672 1311 763 1386 λείας
784 1301 978 1394 ἰκφορήσει,
1004 1301 1163 1394 καθάπερ
1186 1309 1309 1376 έκεῖνοι
1331 1303 1411 1388 τοῦς
1431 1299 1602 1394 Ἑβραίους

295 1406 336 1488 τῇ
351 1401 612 1474 καταδουλώσει.
648 1399 712 1472 εἰτ’
732 1409 737 1492 Ι
757 1395 819 1474 οῦν
841 1399 889 1488 αός
909 1407 946 1477 ἐν
966 1409 1107 1494 πολέμῳ
1130 1409 1212 1494 φαίη
1229 1431 1281 1486 τις
1296 1409 1401 1474 τοῦτο
1416 1409 1599 1494 γεγονέναι,
1618 1416 1636 1472 4
1653 1413 1738 1470 4161’

295 1499 336 1570 τὰ
367 1505 442 1572 τῶν
471 1504 608 1588 ἐχθρῶν
637 1507 753 1590 φέρειν
784 1499 899 1594 ἠξίουν
926 1499 1021 1592 νόμῳ
1049 1511 1122 1576 τῶν
1143 1499 1409 1592 κεκρατηκότων
1429 1499 1477 1586 οῦς
1493 1507 1600 1590 κρείτ-

245 1607 277 1663 10
295 1625 391 1682 τονες
422 1595 583 1688 ἡττόνων
613 1605 681 1686 (καὶ
712 1608 776 1672 τοῦ
805 1608 956 1690 πολέμου
978 1597 998 1692 ἦ
1020 1607 1111 1674 αἰτία
1137 1609 1261 1674 δικαία·
1297 1605 1403 1674 ίκέται
1425 1601 1480 1676 διὰ
1502 1599 1600 1692 λιμόν

292 1691 438 1786 Ἐβραῖοι
461 1690 546 1788 ἧκον
567 1699 653 1787 πρὸς
668 1703 886 1790 Αἰγυπτίους·
909 1705 943 1774 οἳ
963 1707 999 1772 δὲ
1022 1701 1102 1786 τοῦς
1124 1707 1240 1788 ξένους
1258 1697 1599 1790 καταδουλωσόμενοι

295 1795 428 1885 τρόπον
459 1799 686 1888 αἰχμαλώτων
716 1795 895 1889 ὑπηρετεῖν
925 1799 1120 1890 ἠνάγκασαν
1151 1809 1243 1890 σφίσι
1270 1805 1353 1890 μηδὲ
1384 1799 1447 1872 τόν
1472 1799 1600 1892 μισθόν

294 1893 542 1986 ἀποδιδόντες),
573 1903 641 1969 είτε
671 1896 720 1983 οῦς
751 1904 790 1972 ίν
819 1895 947 1990 εἰρήνη,
981 1899 1107 1990 μισθόν
1136 1904 1258 1988 ἔλαβον
1289 1899 1353 1990 τὴν
1383 1908 1477 1974 λείαν
1507 1899 1599 1988 παρὰ

295 1993 454 2070 ἀκόντων
499 2003 574 2068 τῶν
612 1997 724 2073 πολῦν
762 1995 890 2090 χρόνον
926 1998 989 2072 οῦκ
1025 1995 1281 2084 ἀποδιδόντων,
1325 1996 1413 2072 ἀλλὰ
1456 1995 1599 2072 ἀποστε-

244 2107 276 2158 ίῦ
294 2093 458 2181 ροῦντων.

376 2216 489 2282 XXIV.
518 2209 629 2285 Ἔστιν
663 2207 726 2286 οῦν
760 2210 779 2286 ό
811 2221 958 2306 Μωυσῆς
991 2213 1070 2306 ἡμῖν
1099 2212 1328 2306 προφητικός,
1365 2211 1598 2304 νομοθετικός,
1620 2229 1713 2296 158,ι

295 2309 464 2396 τακτικός,
486 2312 719 2404 στρατηγικός,
741 2313 930 2398 πολιτικός,
954 2312 1153 2402 φιλόσοφος.
1184 2309 1279 2398 ὅπως
1299 2321 1362 2404 μέν
1383 2307 1445 2388 οῦν
1460 2307 1503 2404 ἦν
1517 2341 1598 2403 προ-

295 2407 452 2498 φητικός,
482 2411 567 2502 μετὰ
590 2419 698 2484 ταῦτα
723 2411 937 2504 λεχθήσεται,
969 2410 1116 2504 όπηνίκα
1138 2413 1181 2484 ἀν
1201 2421 1278 2501 περὶ
1299 2422 1510 2504 προφητείας
1530 2419 1598 2484 όια·

294 2507 530 2602 λαμβάνωμεν·
567 2511 608 2584 τὸ
638 2513 803 2584 τακτικὸν
833 2518 868 2584 δὲ
898 2520 997 2604 μέρος
1031 2511 1075 2584 ἀν
1104 2517 1154 2602 εἴη
1186 2520 1249 2587 τοῦ
1278 2519 1518 2603 στρατηγικοῦ,
1555 2512 1596 2584 τό

242 2626 277 2680 2ο
293 2609 522 2700 στρατηγικὸν
550 2618 586 2686 δὲ
617 2619 680 2684 τοῦ
708 2619 895 2697 βασιλικοῦ·
925 2611 1032 2684 πόλιν
1053 2641 1091 2686 τε
1116 2605 1159 2684 αῦ
1184 2612 1225 2684 τό
1248 2613 1475 2702 νομοθετικόν
1498 2618 1597 2702 μέρος

294 2703 336 2781 όν
357 2713 408 2800 είη
430 2717 494 2782 τοῦ
513 2719 695 2796 βασιλικοῦ,
717 2709 874 2798 καθάπερ
895 2723 950 2784 καὶ
973 2712 1014 2784 τό
1037 2709 1240 2784 δικαστικόν.
1283 2719 1346 2782 τοῦ
1368 2717 1403 2784 δί
1424 2718 1598 2797 βασιλικοῦ
1616 2725 1634 2780 2

294 2806 334 2880 τό
364 2815 425 2896 μὲν
456 2819 553 2882 θεῖον
582 2817 682 2901 μέρος
712 2815 817 2896 ἐστίν,
850 2811 925 2884 οἰον
949 2811 990 2884 τό
1017 2811 1104 2883 κατὰ
1131 2811 1195 2882 τόν
1220 2809 1306 2883 θεόν
1331 2819 1387 2882 καί
1413 2809 1477 2884 τόν
1499 2803 1598 2900 όγιον

292 2906 367 2979 υίόν
388 2905 504 2994 αὐτοῦ,
526 2907 608 2998 παρ’
626 2903 677 2983 σόν
698 2908 742 2982 τά
764 2939 801 2982 τε
823 2908 892 2984 ἀπό
916 2917 976 3001 γῆς
998 2908 1111 3000 ἀγαθὰ
1131 2920 1188 2984 καί
1210 2909 1253 2984 τό
1267 2909 1366 2995 έκτός
1380 2919 1435 2982 καί
1451 2905 1471 2999 ἦ
1487 2917 1598 2982 τελεία

378 3153 393 3208 l
414 3153 470 3223 vgl.
488 3154 513 3208 Ρ
529 3155 574 3218 3‘2;
597 3157 685 3210 Y198
762 3155 855 3212 2-15
879 3155 934 3225 vgl.
952 3153 1033 3210 Phsso
1050 3153 1091 3210 De
1110 3155 1168 3210 vissu
1185 3155 1253 3210 Mos.
1272 3155 1282 3206 l
1303 3153 1375 3208 ίόίί
1397 3153 1432 3224 (11
1451 3171 1476 3226 p.
1496 3155 1544 3210 103
1557 3153 1596 3217 Μ)

292 3238 398 3304 πολλὴν
416 3235 471 3308 γὰρ
489 3239 568 3294 λείαν
585 3235 796 3310 έκφορησαντες
813 3241 863 3310 τὴν
874 3237 928 3308 μὲν
940 3235 1021 3296 αἰτοῖ
1032 3237 1193 3308 διεκόμιζον
1205 3235 1417 3310 έπηχθισμένοι,
1434 3240 1485 3308 την
1496 3237 1526 3296 δὲ
1537 3247 1597 3306 τοῖς

292 3315 453 3391 ὑποζυγίοις
470 3318 619 3390 ἐπέθεσαν,
638 3322 673 3380 οῦ
689 3323 733 3380 διά
753 3325 980 3395 φιλοχρηματίαν
995 3323 1023 3394 ἢ,
1042 3319 1082 3390 ὼς
1093 3317 1131 3380 όν
1142 3343 1184 3390 τις
1194 3330 1364 3396 κατηγορῶν
1376 3319 1459 3390 είποι,
1477 3325 1528 3394 την
1539 3331 1596 3380 τῶν

291 3399 449 3475 ἀλλοτρίων
460 3403 613 3475 ἐπιθυμίαν
631 3437 664 3448 -
681 3407 788 3472 πόθεν,·
809 3438 842 3450 -
861 3405 933 3466 ἀλλὰ
950 3407 1137 3480 πρῶτονμὲν
1154 3399 1195 3464 ὧν
1213 3407 1293 3478 παρὰ
1311 3407 1406 3466 πάντα
1423 3406 1474 3464 τόν
1490 3409 1597 3482 χρόνον

292 3485 470 3559 ὑπηρέτησαν
492 3487 651 3562 ἀναγκαῖον
668 3491 776 3562 μισθόν
797 3492 995 3562 κομιζόμενοι,
1018 3487 1080 3550 εἶτα
1097 3493 1127 3550 δὲ
1146 3489 1214 3562 ὑπὲρ
1233 3483 1274 3548 ὧν
1291 3489 1548 3566 κατεδουλώθησαν
1565 3491 1596 3550 έν

291 3567 421 3630 έλάττοσι
439 3575 488 3630 καί
506 3575 569 3647 οὐχί
586 3583 646 3642 τοῖς
663 3571 735 3642 ίσοις
753 3575 981 3644 ἀντιλυποῦιτες·
1000 3585 1056 3634 ποῦ
1074 3576 1129 3650 γάρ
1148 3571 1210 3632 ἐσθ’
1222 3571 1325 3646 ίίμοιον
1343 3577 1429 3648 ζημία
1440 3577 1596 3648 χρημάτων

289 3658 340 3712 καί
358 3657 485 3730 στέρησις
502 3657 672 3734 ἐλευθερίας,
691 3659 761 3736 ὑπὲρ
779 3660 811 3734 ίγς
828 3659 863 3718 οίι
879 3665 970 3732 μόνον
988 3659 1141 3733 προίεσθαι
1158 3659 1209 3728 τὰς
1227 3658 1325 3728 οἰσίας
1343 3657 1372 3716 σί
1389 3669 1457 3716 νοῦν
1474 3657 1595 3732 ἔχοντες,

290 3737 432 3800 ἀλλὰκαὶ
459 3739 652 3814 ἀποθνῇσκειν
678 3743 840 3810 έθίλουσιν;
868 3743 899 3802 έν
921 3743 1046 3822 ἑκατέρην
1064 3749 1097 3816 δη
1114 3743 1292 3816 κατώρθουν,
1320 3741 1376 3802 είθ’
1393 3743 1433 3811 ίος
1450 3743 1481 3800 έν
1499 3743 1595 3818 εἰρήνη

289 3827 397 3894 μισθόν
418 3827 623 3898 λαμβάνοντες,
647 3827 681 3886 όν
707 3827 775 3900 παρ’
793 3829 922 3888 ἀκόντων
944 3829 1033 3886 πολῦν
1053 3833 1161 3903 χρόνον
1183 3829 1237 3886 οὐκ
1263 3829 1456 3886 ἀποδιδόντων
1478 3827 1593 3888 ἀπεστε-

291 3919 408 3982 ροῦντο,
431 3907 488 3968 τίδ’
505 3909 545 3979 ὼς
566 3910 597 3970 έν
619 3913 735 3990 πολέμῳ
753 3914 787 3972 τὰ
805 3921 862 3972 τῶν
880 3913 993 3986 ἐχθρῶν
1011 3914 1108 3986 φέρειν
1126 3913 1271 3982 ἀξιοῦντες
1288 3915 1367 3988 νόμῳ
1385 3919 1443 3970 τῶν
1459 3933 1594 3984 κεκρατη·

288 3994 395 4050 κότιυν·
420 3991 448 4052 οἳ
469 3995 523 4064 μὲν
546 3995 601 4068 γὰρ
621 4005 726 4070 χειρῶν
745 3997 833 4069 ηρξαν
851 3997 965 4066 ἀδίκων,
988 4001 1084 4067 ξίνονς
1103 4001 1151 4056 καί
1170 3995 1276 4065 ίκέτας,
1299 3997 1340 4065 ὼς
1357 3993 1428 4068 ἔφην
1445 3999 1594 4070 πρότερον.

289 4079 577 4150 καταδουλωσάμενοι
603 4083 714 4154 τρόπον
740 4081 940 4154 αἰχμαλώτων,
967 4081 995 4140 οἳ
1021 4083 1050 4142 δέ
1075 4091 1177 4154 καιροί·
1204 4084 1425 4152 παραπεσόντος
1451 4081 1594 4152 ημῦναντο

290 4165 354 4235 δίχα
382 4171 430 4234 τῆς
455 4163 486 4222 έν
512 4161 611 4234 ίίπλοις
632 4174 824 4240 παρασκευῆς,
851 4169 1079 4240 προασπίζοντος
1100 4171 1149 4224 καί
1173 4169 1221 4236 τὴν
1238 4173 1320 4238 χεῖρα
1338 4161 1527 4236 ὑπερέχοντος
1544 4175 1594 4223 τοῦ

290 4249 406 4306 δικαίου.
489 4251 551 4306 lssr
571 4251 626 4322 νηί.
645 4251 725 4308 Philo
743 4253 783 4307 De
801 4253 859 4308 vita
876 4253 943 4308 δίοε,
962 4253 986 4306 Ιί
1005 4253 1021 4308 3
1039 4255 1074 4322 (ll
1093 4269 1119 4323 p,
1139 4255 1187 4306 133
1200 4252 1238 4315 M)
1261 4249 1374 4320 ἐγένετο
1397 4251 1453 4320 γὰρ
1471 4253 1594 4326 προνοίᾳ

291 4337 363 4388 θεοῦ
387 4333 518 4406 βασιλείς
540 4353 570 4392 τε
593 4335 642 4390 καί
664 4337 823 4406 νομοθέτης
839 4339 888 4392 καί
906 4335 1053 4408 ἀρχιερεῦς
1070 4337 1119 4392 καί
1138 4337 1292 4408 προφήτης.
1376 4337 1412 4392 18
1431 4353 1465 4390 zu
1483 4335 1594 4392 derbe·

292 4415 476 4488 abniehtigten
503 4419 606 4474 thrist
632 4421 697 4490 περί
715 4423 889 4494 προφητείας
908 4421 963 4490 vgl.
981 4422 1079 4476 δίκαια.
1099 4421 1135 4474 lv
1154 4421 1219 4484 2,·.ἰ;
1246 4423 1329 4484 ίῖ3,1;
1359 4419 1484 4486 V88,4;
1511 4421 1594 4486 Zahn,

290 4499 383 4572 SuppL
401 4501 484 4558 Clam.
504 4505 528 4554 S.
547 4505 613 4566 ⁴5st
632 4503 739 4572 Arnim,
759 4507 798 4560 De
817 4509 869 4561 σοί.
888 4507 986 4560 strom.
1004 4505 1075 4560 libro
1094 4523 1119 4578 p.
1140 4505 1171 4558 14

377 4705 395 4758 8
414 4705 482 4774 φαίη
516 4701 551 4762 ἀν
586 4705 672 4762 Ηίίίετ
690 4707 799 4776 χίοίεοίις
818 4705 890 4760 donn
909 4701 965 4760 εἴτε
984 4745 1010 4758 ..
1029 4707 1100 4774 φαίη
1118 4705 1154 4760 ἰοί
1173 4705 1419 4776 Βεδίπςασςεεαίτγ

1355 4793 1390 4844 γε
