3760 5534
558 559 698 616 stromat:
715 559 761 614 111.
786 559 849 630 (ίσρ.
862 557 909 614 xl.
927 559 968 622 λδ,
980 557 1095 628 2-οαρ.
1109 557 1168 612 x11.
1186 557 1227 622 λθ,
1239 557 1264 612 δ.
1501 557 1560 622 231

256 727 329 798 ‘lta
351 721 437 812 πρὸς
459 717 722 811 άντιδιαστσλην
741 731 744 804 ί
765 719 902 795 τούτων
924 727 966 810 τῇ
988 723 1145 814 ἐκκλησίᾳ
1168 725 1282 808 φησίν·
1312 713 1420 808 »ῦμεις
1442 721 1478 788 δέ
1501 712 1564 788 οδκ
1581 725 1600 782 2
1619 725 1699 782 1978

255 829 328 898 ἐστέ
351 828 389 896 ἐν
411 829 522 910 σαρκί,
552 817 629 892 ἀλλ’
653 823 691 892 ἐν
712 818 891 910 πνεύματι,
923 825 1016 908 είατερ
1043 825 1173 910 πνεῦμα
1199 823 1285 890 θεοῦ
1312 823 1398 890 οίκει
1416 820 1455 888 ἐν
1476 812 1563 906 ῦμῐν.

255 927 284 996 εί
314 929 351 994 δέ
379 951 431 1004 τις
461 928 591 1011 πνεῦμα
614 925 766 1008 Χριστοῦ
792 916 854 990 οῦκ
879 920 958 1008 ἐχει,
990 911 1092 1002 οῦτυς
1121 915 1183 992 οῦκ
1206 921 1298 989 ἐστιν
1320 913 1434 990 αῦτοῦ.
1478 923 1505 988 εί
1528 921 1563 986 δέ

256 1020 403 1111 Χριστός
429 1025 465 1094 ἐν
492 1017 579 1109 ῦμιν,
611 1019 652 1092 τὸ
679 1025 741 1110 μέν
767 1025 865 1108 σῶμα
889 1015 1012 1106 νεκρόν
1033 1015 1078 1090 δι’
1102 1013 1278 1108 ἁμαρτίαν,
1311 1017 1351 1090 τό
1374 1023 1410 1088 δὲ
1431 1022 1564 1106 πνεῦμα

222 1120 325 1211 δζωὴ
356 1119 410 1192 διά
442 1117 666 1208 δικαιοσύνην.
713 1117 778 1206 ἄρα
808 1109 883 1202 οῦν,
914 1115 1069 1206 άδελφσί,
1101 1113 1275 1204 ὀφειλέται
1305 1121 1416 1204 ἐσμέν,
1448 1111 1490 1188 οῦ
1521 1121 1601 1204 τῇίί

256 1227 352 1308 σαρκί
378 1225 442 1292 τοῦ
467 1219 556 1292 κατὰ
582 1215 689 1306 σάρκα
715 1222 784 1306 ζῆν.
827 1222 855 1288 εί
875 1216 938 1305 γὰρ
959 1217 1047 1290 κατὰ
1069 1214 1174 1306 σάρκα
1196 1223 1289 1308 ζῆτε,
1319 1222 1459 1306 μέλλετε
1480 1211 1563 1287 άπο-

255 1317 431 1408 θνῄσκειν·
466 1325 495 1390 εί
516 1323 551 1390 δέ
573 1315 740 1407 πνεῦματι
763 1315 824 1398 τάς
846 1313 981 1406 πράξεις
1003 1315 1246 1406 τοῦσώματος
1269 1321 1475 1400 θανατοῦτε,
1508 1310 1562 1404 ζή-

257 1431 366 1492 σεσθε.
409 1413 483 1490 ὅσοι
514 1415 577 1506 γάρ
606 1413 772 1508 πνεύματι
802 1423 886 1488 θεοῦ
916 1414 1072 1504 άγσνται,
1097 1419 1104 1504 Ι
1132 1407 1229 1488 οῦτοί
1256 1421 1340 1488 εἰσιν
1361 1417 1428 1486 υίοί
1449 1419 1559 1486 θεοῦ.«
1581 1425 1665 1485 σίθθ

256 1525 311 1590 καί
333 1517 420 1605 πρὸς
441 1515 506 1606 τὴν
528 1512 697 1608 εῦγένειαν
722 1523 779 1588 καί
804 1513 891 1605 πρὸς
917 1513 982 1606 την
1008 1515 1206 1603 ἐλευθερίαν
1229 1513 1293 1604 τὴν
1315 1511 1601 1597 καταπτόστωςέ

206 1615 323 1691 1οῦπό
355 1623 428 1688 τών
458 1613 668 1704 ἑτεροδόξων
695 1620 914 1705 εἰσαγομένην
944 1619 1051 1704 <τών>
1081 1609 1137 1686 ἐπ’
1160 1609 1313 1704 άσελγείρ
1333 1619 1564 1703 καυχωμίνων

256 1722 406 1806 ἐπιφέρει
429 1720 549 1804 λέγων·
590 1716 648 1786 »οὐ
669 1713 733 1804 γάρ
755 1710 891 1800 ἐλάβετε
917 1719 1048 1836 πνεῦμα
1070 1719 1225 1797 δουλείας
1246 1709 1351 1784 πάλιν
1373 1718 1420 1798 είς
1442 1709 1562 1802 φόβον,

256 1813 345 1890 άλλά
379 1813 515 1902 ἐλάβετε
545 1821 676 1904 πνεῦμα
706 1817 889 1898 υἱοθεσίας,
921 1818 959 1886 ἐν
985 1843 1014 1904 φ
1041 1809 1224 1903 κράζομεν
1260 1809 1345 1900 άββῦ
1371 1805 1391 1884 ό
1417 1809 1600 1902 κατήρη

256 1921 433 1988 τουτέστιν
456 1917 501 1998 είς
524 1921 630 1987 τοῦτο
659 1911 832 2004 ἐλάβομεν,
863 1915 918 1986 ἵνα
940 1912 1160 2002 γινώσκωμεν
1182 1917 1310 1984 τοῦτον
1333 1901 1361 2000 ᾧ
1382 1907 1563 2000 προσευχό-

255 2024 353 2104 μεθα,
384 2013 448 2086 τὸν
469 2020 521 2104 τῷ
544 2006 620 2084 ὄντι
642 2017 780 2100 πατέρα,
812 2011 875 2084 τὸν
896 2019 969 2084 τῶν
992 2005 1108 2084 ὄντων
1128 2007 1236 2102 μόνον
1257 2017 1402 2098 πατέρα,
1433 2009 1496 2082 τόν
1518 2016 1564 2094 είς

207 2129 239 2183 1⁶
256 2119 427 2202 σωτηρίαν
449 2109 658 2184 παιδεύοντα
681 2107 729 2194 ώς
750 2117 880 2201 πατέρα
901 2119 955 2184 καί
978 2110 1042 2184 τόν
1064 2107 1175 2200 φόβον
1196 2107 1364 2200 γάπειλει.

338 2215 407 2282 XII.
433 2203 476 2280 ‘fl
490 2217 526 2284 δέ
552 2215 606 2282 »ἐκ
627 2210 813 2299 συμφώνου
831 2209 918 2298 πρὸς
938 2205 1059 2300 καιρόν
1079 2207 1290 2300 σγολάζουσα
1313 2217 1356 2299 τῇ
1374 2217 1559 2300 προσευχῇ(
1583 2224 1658 2292 λθ,1

256 2317 391 2400 συζυγία
424 2313 618 2400 ἐγκρατείας
652 2313 723 2380 ἐστί
758 2312 966 2382 διδασκαλία·
1005 2317 1197 2398 προσέθηκε
1234 2307 1297 2398 γάρ
1332 2308 1373 2380 τὸ
1408 2315 1470 2398 μέν
1508 2314 1564 2382 »ἐκ

256 2410 471 2500 συμφώνουι,
494 2409 550 2480 ίνα
571 2407 616 2500 μή
639 2439 691 2492 τις
713 2407 852 2497 διαλῦση
875 2407 938 2480 τόν
958 2407 1076 2496 γάμον,
1102 2407 1208 2498 »πρὸς
1228 2407 1365 2495 καιρόνι
1391 2415 1426 2481 δέ
1448 2405 1497 2492 ώς
1517 2409 1562 2500 μὴ

255 2509 342 2582 κατά
373 2504 525 2598 άνάγκην
555 2506 765 2596 ἐπιτηδεύων
796 2507 860 2597 τὴν
890 2506 1087 2598 ἐγκράτειαν
1109 2503 1128 2581 ό
1151 2503 1258 2597 γήμας
1284 2502 1450 2597 όλισθήση
1475 2513 1563 2578 πστέ

204 2621 238 2678 20
256 2614 302 2692 είς
323 2603 498 2696 άμαρτίαν,
522 2613 635 2694 φειδοῖ
653 2614 715 2698 μὲν
738 2615 798 2698 τῆς
820 2609 943 2680 ἑαυτοῦ
964 2615 1130 2697 συζυγίας,
1155 2611 1318 2698 ἐπιθυμίᾳ
1339 2612 1376 2678 δέ
1397 2603 1562 2698 άλλοτρίᾳ

254 2705 456 2796 περιπεσών.
500 2697 529 2794 ᾦ
558 2702 650 2796 λόγῳ
682 2713 737 2778 καί
770 2705 834 2778 τόν
860 2703 1062 2797 άσχημσνεῑν
1088 2705 1211 2780 ἑαυτὸν
1241 2712 1297 2780 ἐπί
1323 2714 1366 2796 τῇ
1392 2717 1599 2794 παρθενών

254 2813 381 2898 τροφίηι
416 2801 703 2896 ὑπολαμβάνοντα
738 2813 852 2888 καλῶς
888 2813 934 2888 είς
968 2803 1077 2897 γόμον
1106 2807 1266 2879 ἐκδώσειν
1296 2807 1362 2896 τὴν
1392 2811 1562 2894 θυγατέρα

255 2911 375 2998 ἐλεγεν.
419 2901 625 2994 ἦπρόθεσίς
648 2933 684 2978 τε
707 2903 851 2978 ἑκάστου
873 2911 935 2978 τοῦ
957 2934 993 2978 τε
1017 2905 1139 2978 ἑαυτὸν
1160 2901 1421 2994 εῦνουχίσαντος
1443 2911 1506 2978 τοῦ
1524 2933 1560 2976 τε
1581 2915 1600 2972 θ

255 3000 296 3080 αὖ
311 3004 407 3097 γάμῳ
423 3004 478 3077 διὰ
492 3011 714 3078 παιδοποιίαν
728 3003 948 3092 συζεῦζαντος
964 3001 1147 3087 άνένδοτος
1163 3004 1249 3094 πρὸς
1265 3003 1306 3075 τό
1324 2997 1431 3094 ἧττον
1454 3010 1562 3086 διαμέ-

202 3124 237 3180 25
255 3135 326 3178 νειν
342 3101 477 3194 ὀφείλει
507 3109 536 3175 εί
549 3110 610 3194 μέν
626 3103 689 3192 γάρ
704 3107 867 3178 ἐπιτεῖναι
882 3099 955 3186 οίός
969 3131 1006 3174 τε
1023 3106 1115 3176 ἔσται
1130 3103 1194 3176 τόν
1206 3111 1291 3190 βίον,
1312 3113 1450 3194 μείζονα
1464 3100 1562 3192 άξίαν
1580 3115 1600 3170 4

255 3211 291 3278 ἐν
313 3213 385 3296 θεῷ
413 3201 516 3287 αὐτὸς
541 3203 653 3294 ἐαυτῷ
675 3203 941 3296 περιποιήσεται,
962 3209 1125 3290 καθαρῶς
1151 3195 1218 3294 ῦμα
1237 3210 1294 3276 καί
1315 3209 1562 3294 λελογισμένως

254 3300 570 3395 ἐγκρατευσάμενσς*
598 3307 627 3374 εί
648 3308 684 3374 δὲ
710 3299 857 3392 ῦπερβάς
879 3298 921 3375 ῦν
943 3305 1049 3374 είλετο
1071 3300 1200 3376 κανόνα
1221 3309 1268 3386 είς
1288 3311 1426 3392 μείζονα
1448 3299 1561 3388 δόξαν,

254 3407 371 3476 ἔπειτα
402 3441 450 3476 ει
474 3397 629 3490 άποπέση
655 3401 742 3490 πρὸς
768 3401 834 3492 τὴν
863 3405 991 3474 ἐλπίδα.
1035 3405 1100 3490 ἔχει
1129 3401 1192 3492 γάρ
1223 3399 1338 3492 ώσπερ
1364 3398 1385 3492 ἡ
1408 3397 1599 3490 εῦνουχίαὸ

255 3495 349 3574 οῦτω
375 3510 430 3574 καί
457 3497 476 3574 ό
503 3498 608 3592 γάμος
635 3507 721 3584 ίδίας
744 3509 952 3592 λειτουργίας
973 3507 1029 3572 καί
1052 3506 1224 3586 διακονίας
1245 3509 1296 3592 τῷ
1318 3508 1424 3590 κυρίῳ
1447 3505 1562 3588 διαφε-

202 3617 237 3674 30
254 3599 390 3688 ροῦσας,
427 3607 562 3673 τέκνων
591 3607 680 3689 λέγω
712 3598 874 3690 κη’δεσθαι
903 3609 959 3672 καί
989 3597 1162 3690 γυναικός·
1198 3595 1366 3689 πρόφασις
1397 3597 1474 3688 γάρ,
1513 3595 1562 3682 ώς

255 3704 373 3781 ἔοικεν,
396 3707 447 3791 τῷ
468 3699 556 3772 κατά
578 3695 687 3789 γάμον
712 3707 832 3791 τελείῳ
855 3696 876 3790 ἡ
898 3706 959 3790 τῆς
981 3708 1135 3790 συζυγίας
1156 3695 1323 3790 οἰκειότης
1344 3707 1473 3788 γίνεται
1495 3699 1562 3790 τὴν

254 3794 421 3886 πρόνοιαν
442 3795 588 3870 πάντων
609 3795 861 3890 άναδεδεγμένῳ
883 3799 970 3872 κατά
993 3797 1056 3871 τόν
1079 3801 1175 3872 οἱκον
1197 3797 1260 3869 τὸν
1281 3795 1412 3870 κοινόν·
1441 3793 1598 3868 αῦτίκαθ

340 4099 613 4158 hamam.
636 4100 847 4164 8.9f.12-15
941 4097 1261 4170 ίθτςί.1Κοτ.7,ῦ
1353 4097 1478 4154 21-28
1504 4095 1560 4168 καὶ

254 4183 348 4239 ΙΚοτ.
367 4185 391 4252 7,
408 4185 443 4239 36
523 4181 1030 4254 ⁸2-s.2⁸2‚2vg1.1‘fim.3,4f

338 4469 377 4524 10
400 4469 487 4535 τεῶν)
511 4467 542 4521 St
633 4467 670 4522 15
693 4463 801 4522 ἀπείλει
824 4466 846 4520 L
873 4463 1114 4536 διιειληιμμένσν)
1138 4465 1185 4520 Wi
1212 4463 1375 4522 ἀπολύοντα
1401 4463 1467 4520 oder
1492 4459 1561 4532 ἀφε-

252 4551 338 4608 λδντα
356 4551 388 4606 St
404 4547 521 4619 ἀπειλῆς
539 4545 637 4608 ιένεκα
654 4551 756 4618 μόνοις
773 4558 832 4616 τοῖς
848 4553 887 4620 μὴ
911 4547 1096 4618 πειθομένοις
1113 4547 1279 4620 είσδγοντα)
1303 4549 1350 4604 Mt
1429 4549 1469 4604 2⁸
1496 4544 1560 4604 ἐκα-

252 4633 335 4704 τέρου
358 4635 425 4704 (ng.
442 4635 469 4690 S.
487 4637 550 4700 235.
568 4637 611 4702 25)
637 4635 667 4690 St
749 4635 787 4690 2⁶
813 4633 878 4704 βιόν
899 4633 1008 4690 λίθοισί
1094 4635 1134 4692 28
1157 4627 1254 4690 ἔπειτα
1275 4657 1288 4680 ο
1310 4656 1324 4682 ο
1345 4631 1433 4688 ΗίῙίετ
1516 4627 1560 4686 ἐλ·

252 4721 319 4776 πίδα
338 4741 351 4768 ο
371 4739 385 4766 0
407 4719 446 4776 Po
525 4721 566 4776 ⁸0
585 4719 645 4788 (τδ)
664 4719 771 4776 τέκνων
789 4717 899 4774 Μθιιτεέ
980 4721 1016 4776 81
1037 4720 1145 4790 γίνεται
1163 4741 1177 4766 ε
1197 4741 1211 4766 ο
1231 4718 1310 4772 θείειν
