3718 5530
566 558 704 612 suomata
722 557 755 614 V.
778 558 842 629 Cap.
854 556 900 612 IX.
919 557 960 619 59,
972 556 1086 629 2-Οιιρ.
1100 557 1131 612 X.
1149 557 1227 624 62,1.
1479 563 1538 626 367

231 729 359 813 στηρίῳ
391 727 454 794 τοῦ
477 727 641 810 Χριστοῦ,
673 715 692 792 ό
723 721 851 808 ἑτέραις
881 737 1009 808 γενεαῖς
1040 715 1101 792 οῦκ
1132 723 1324 810 ἐγνωρίσθη
1356 735 1429 802 τοῖς
1455 721 1540 800 υίοίς

232 830 306 896 τῶν
327 819 540 910 ἀνθρώπων,
573 817 621 906 ῶς
647 827 709 892 νῦν
730 815 958 908 ἀπεκαλύφθη
981 838 1054 903 τοις
1076 815 1184 908 ἀγίοις
1206 813 1412 900 ἀποστόλοις
1435 813 1540 889 αῦτοῦ

231 931 288 994 καί
309 917 530 1010 προφήταις(
577 924 670 993 ἐστιν
695 915 758 1008 γάρ
785 949 837 1002 τις
858 927 914 990 καί
937 927 1079 992 τελείων
1100 916 1261 1010 μόθησις,
1291 925 1370 1006 περὶ
1393 909 1432 1006 ἧς
1453 913 1577 1004 πρόςθ

232 1021 313 1106 τοῦς
337 1029 539 1102 Καλοσσιιείς
565 1017 710 1110 γρόφων
737 1027 853 1110 φησίν·
892 1015 952 1092 τοῦ
972 1015 1154 1108 παυόμεθα
1175 1015 1260 1106 ῦπὲρ
1281 1015 1378 1108 ῦμῶν
1399 1039 1539 1104 προσευ·

198 1137 214 1190 5
231 1117 366 1210 χόμενοι
388 1125 443 1190 καί
466 1117 669 1209 αίτοόμενοι,
692 1123 747 1191 ίνα
767 1124 977 1210 πληρωθῆτε
991 1117 1056 1209 τήν
1070 1122 1253 1208 ἐπίγνωσιν
1267 1123 1330 1190 τοῦ
1345 1113 1541 1206 θελήματος

233 1217 339 1292 αῦτοῦ
365 1222 402 1290 ἐν
428 1216 519 1310 πόση
551 1227 654 1312 σοφίᾳ
680 1225 735 1290 καὶ
766 1223 895 1292 συνέσει
920 1225 1148 1307 πνευματικῇ,
1179 1221 1406 1306 περιπατῆσαι
1438 1211 1541 1300 ἀξίως

233 1325 295 1392 τοῦ
316 1325 436 1408 κυρίου
458 1325 504 1404 είς
525 1325 638 1392 πᾶσαν
660 1313 844 1407 ἀρέσκειαν,
866 1325 972 1388 παντί
993 1319 1081 1406 ἔργῳ
1102 1313 1223 1408 ἀγαθῷ
1238 1320 1541 1404 καρποφοροῦντες

232 1425 287 1490 καί
317 1414 540 1508 αῦξανόμενοι
571 1426 614 1508 τῇ
643 1417 823 1508 ἐπιγνώσει
854 1423 917 1488 τοῦ
946 1422 1044 1498 θεοῦ,
1076 1421 1113 1488 ἐν
1134 1413 1224 1506 πόση
1247 1413 1383 1504 δυνάμει
1405 1419 1539 1486 ἐνδυνα·

233 1517 394 1608 μσῦμενοι
420 1517 507 1590 κατὰ
535 1517 577 1590 τὸ
603 1515 729 1606 κράτος
756 1523 817 1608 τῆς
842 1511 941 1606 δόξης
963 1513 1095 1588 αῦτοῦ.ι
1140 1521 1196 1586 καὶ
1218 1512 1323 1587 πόλιν
1348 1511 1453 1584 »κατὰ
1475 1512 1577 1603 τήνθ

183 1637 216 1690 10
234 1624 431 1707 οἰκονομίαν
462 1623 525 1688 τοῦ
554 1623 638 1688 θεοῦ
665 1615 730 1706 τήν
756 1615 918 1688 δοθείσάν
942 1643 1018 1706 μοι(
1043 1621 1148 1704 φησίν
1172 1620 1237 1698 »είς
1258 1611 1341 1704 ῦμῦς
1363 1619 1541 1704 πληρῶσαι

234 1715 299 1788 τόν
328 1713 433 1804 λόγον
464 1723 526 1788 τοῦ
556 1723 655 1800 θεοῦ,
686 1715 728 1788 τό
757 1714 943 1806 μυστήριον
972 1713 1013 1786 τὸ
1044 1711 1344 1804 ἀποκεκρυμμένον
1371 1711 1440 1786 ἀπὸ
1467 1719 1542 1784 τῶν

235 1817 374 1890 αίώνων
398 1822 454 1887 καί
482 1813 549 1888 ἀπὸ
578 1823 652 1886 τῶν
677 1821 816 1904 γενεῶν,
848 1807 867 1886 ό
890 1819 953 1886 νῦν
974 1813 1180 1904 ἐφανερώθη
1203 1829 1275 1898 τοῖς
1296 1809 1403 1904 ἀγίοις
1424 1809 1540 1893 αῦτοῦ,

234 1917 284 2000 οίς
306 1913 474 2008 ἠθέλησεν
496 1911 515 1986 ό
538 1915 621 1999 θεὸς
642 1921 814 2004 γνωρίσαι,
837 1923 871 1986 τί
893 1914 934 1986 τδ
956 1919 1108 1996 πλοῦτος
1130 1919 1192 2003 τῆς
1214 1909 1313 2004 δόξης
1335 1917 1398 1983 τοῦ
1416 1933 1540 2002 μυστη-

234 2023 310 2104 ρίου
333 2013 460 2088 τοῦτου
482 2018 519 2086 ἐν
541 2033 613 2098 τοις
635 2018 795 2088 ἐθνεσιν.«
839 2011 928 2086 ῶστε
951 2011 1039 2086 ἀλλα
1059 2017 1121 2100 μὲν
1142 2011 1186 2084 τό
1206 2011 1371 2104 μυστήρια
1394 2012 1437 2083 τά
1457 2007 1541 2083 ἀπο·
1559 2027 1637 2096 om

184 2133 216 2186 15
233 2119 441 2206 κεκρυμμένα
472 2113 550 2204 ἀγρι
579 2121 653 2186 τῶν
682 2110 891 2186 ἀποστόλων
916 2119 973 2182 καί
998 2107 1060 2183 ἀπ’
1082 2107 1201 2184 αῦτῶν
1226 2117 1471 2201 παραδοθέντα
1492 2107 1541 2193 ώς

234 2212 303 2288 ἀπὸ
330 2221 393 2286 τοῦ
418 2221 536 2303 κυρίου
560 2213 808 2304 παρειλήφασιν
829 2209 1120 2302 (ἀποκεκρυμμένα
1142 2217 1177 2283 δὲ
1199 2217 1237 2282 ἐν
1258 2219 1300 2300 τῇ
1322 2216 1451 2304 παλαιᾷ
1473 2215 1541 2282 δια·

233 2313 353 2404 θήκη),
384 2311 406 2384 ἀ
431 2319 511 2386 »νῦν
530 2321 535 2404 Ι
553 2311 758 2402 ἐφανερώθη
786 2329 858 2394 τοῖς
886 2307 1025 2400 ἀγίοις,ι
1056 2309 1141 2384 ἀλλο
1164 2317 1199 2382 δὲ
1224 2310 1284 2382 »τό
1306 2317 1458 2392 πλοῦτος
1480 2315 1542 2400 τῆς
1559 2329 1643 2386 683?

235 2411 334 2504 δόξης
360 2419 424 2486 τοῦ
449 2421 634 2504 μυστηρίου
660 2419 722 2482 τοῦ
748 2415 785 2483 ἐν
811 2429 884 2492 τοῖς
911 2413 1078 2496 ἐθνεσινι,
1110 2403 1129 2479 ό
1151 2413 1245 2482 ἐστιν
1266 2405 1287 2499 ή
1309 2417 1422 2492 πίστις
1442 2417 1500 2481 καί
1521 2404 1542 2498 ή

235 2518 330 2594 ἐλπίς
352 2507 373 2602 ή
394 2517 442 2596 είς
465 2510 622 2602 Χριστόν,
646 2505 688 2582 όν
710 2508 839 2598 ἀλλαχῇ
864 2515 1061 2600 νθεμέλιονι
1086 2513 1227 2600 είρηκεν.
1262 2515 1317 2580 καί
1339 2506 1445 2581 πόλιν
1467 2507 1579 2586 οίονε

184 2627 219 2682 20
236 2609 519 2702 φιλοτιμούμενος
541 2615 687 2701 ἐμφῆναι
710 2609 775 2700 τήν
793 2617 920 2699 γνοῦσιν
942 2600 1012 2682 ῶδέ
1027 2638 1103 2692 πως
1118 2603 1250 2698 γράφει·
1276 2613 1543 2690 »νουθετοῦντες

235 2709 351 2784 πάντα
373 2709 564 2802 ἄνθρωπον
585 2716 622 2784 ἐν
642 2707 733 2800 πόση
756 2717 874 2802 σοφίᾳ,
898 2711 955 2780 ίνα
975 2705 1247 2798 παραστήσωμεν
1267 2704 1383 2780 πάντα
1406 2706 1543 2793 ἀνθρω-

235 2817 452 2884 παντέλειαν
468 2815 505 2881 ἐν
520 2817 690 2902 Χριστῷ·ι
715 2805 757 2882 οῦ
775 2805 924 2882 νπάνται
943 2803 1062 2892 ἅπλῶς
1080 2807 1321 2897 »ἀνθρωπονι,
1343 2811 1415 2878 ἐπεὶ
1434 2802 1543 2888 οῦδείς
1561 2825 1580 2880 θ

236 2909 279 2982 ἀν
301 2901 345 3000 ἦν
367 2909 520 2992 ἀπιστος,
552 2906 630 2980 οῦδὲ
650 2909 719 3000 μήν
743 2905 893 2980 »πόντοι
918 2905 981 2978 τόν
998 2905 1206 2980 πιστεύοντα
1230 2911 1381 2979 »τέλειον
1403 2910 1441 2978 ἐν
1462 2911 1543 2994 Χρι-

235 3015 338 3100 στῷι,
360 3005 447 3082 ἀλλὰ
473 3005 605 3080 »πάντα
627 3007 836 3097 ἀνθρωπονι
858 3013 955 3096 λέγει,
977 3003 1026 3090 ῶς
1040 3012 1147 3078 εἰπεῖν
1162 3001 1247 3078 όλον
1261 3003 1325 3076 τόν
1340 3005 1542 3094 ἄνθρωπον,

184 3123 218 3177 ‘25
237 3109 312 3182 οίον
334 3107 465 3198 σώματι
486 3116 542 3180 καί
565 3115 654 3196 φυγῇ
677 3105 887 3198 ἡγνισμένον,
909 3111 995 3190 ἐπεί,
1018 3099 1074 3178 ότι
1098 3102 1156 3178 τοῦ
1177 3103 1323 3178 πάντων
1344 3101 1364 3194 ἡ
1388 3109 1542 3193 γνῶσιςι,

237 3206 419 3298 διαρρήδην
440 3211 603 3295 ἐπιφέρει·
637 3213 938 3298 »σομβιθασθέντες
959 3211 996 3279 ἐν
1018 3202 1132 3296 ἀγόπη
1154 3211 1209 3277 καί
1231 3211 1279 3288 είς
1299 3209 1371 3276 πᾶν
1390 3209 1544 3287 πλοῦτος
1562 3225 1581 3280 4

236 3313 298 3398 τῆς
327 3315 566 3398 πληροφορίας
596 3313 657 3396 τής
687 3313 868 3390 συνέσεως,
900 3311 946 3388 είς
975 3311 1158 3395 ἐπίγνωσιν
1184 3311 1249 3376 τοῦ
1274 3311 1460 3394 μυστηρίου
1479 3309 1543 3374 τοῦ

236 3413 320 3478 θεοῦ
341 3410 378 3478 ἐν
401 3411 555 3496 Χριστῷ,
587 3410 624 3478 ἐν
646 3397 676 3496 ᾦ
698 3411 759 3478 είσι
784 3402 912 3490 πάντες
939 3407 971 3477 οί
993 3411 1157 3494 θησαυροί
1179 3411 1242 3494 τῆς
1262 3411 1384 3490 σοφίας
1405 3410 1461 3474 καί
1482 3407 1544 3492 τῆς

236 3505 395 3595 γνώσεως
417 3501 637 3592 ἀπόκρυφοιι
687 3512 747 3594 ιτῇ
774 3511 942 3594 προσευχῇ
967 3523 1265 3594 προσκαρτερεῖτε,
1296 3508 1545 3594 γρηγοροῦντες

185 3619 219 3672 30
236 3607 273 3676 ἐν
304 3602 390 3693 αῦτῇ
420 3609 457 3676 ἐν
488 3600 708 3696 εῦγαριστίφ·ι
747 3599 768 3692 ή
791 3599 981 3692 εῦχαριστία
1007 3609 1043 3674 δε
1069 3599 1132 3676 οῦκ
1153 3608 1208 3676 ἐπί
1230 3608 1338 3692 φυχῆς
1358 3599 1467 3689 μόνον
1488 3608 1580 3680 καλε

237 3710 311 3774 τῶν
336 3709 577 3795 πνευματικῶν
603 3701 756 3794 ἀγαθῶν,
789 3699 875 3776 ἀλλὰ
901 3708 957 3775 καλ
983 3707 1038 3774 ἐπί
1065 3709 1128 3774 τοῦ
1154 3703 1312 3794 σώματος
1338 3709 1467 3791 γίνεται
1486 3707 1543 3772 καὶ

238 3809 311 3874 τῶν
341 3809 405 3876 τοῦ
435 3801 593 3893 σώματος
623 3799 773 3894 ἀγαθῶν.
816 3811 872 3875 καὶ
899 3806 950 3873 ἔτι
976 3809 1185 3892 σαφέστερον
1210 3799 1412 3874 ἐκκαλῦπτει
1435 3799 1475 3871 τό
1497 3799 1541 3890 μή
1560 3823 1638 3891 πω

236 3899 383 3974 πάντων
408 3904 493 3974 είναι
522 3901 587 3992 τήν
612 3909 748 3992 γνῶσιν,
776 3907 956 3990 ἐπιλέγων·
995 3898 1277 3991 »προσευχόμενοι
1300 3893 1367 3990 όμα
1388 3906 1444 3970 καὶ
1465 3905 1541 3986 περὶ

237 3997 343 4092 ήμῶν,
367 4005 422 4072 ίνα
445 3997 464 4074 ό
486 4001 568 4084 θεός
589 3999 706 4090 ἀνοίξη
729 3997 808 4092 ήμίν
831 3999 941 4088 θῦραν
963 4007 1026 4073 τοῦ
1048 4007 1189 4090 λαλήσαι
1211 3997 1253 4071 τό
1274 3996 1460 4090 μυστήριον
1482 4003 1543 4068 τοῦ

322 4253 475 4312 4-91101.
496 4257 614 4318 1.9-11
685 4254 780 4310 9-14
800 4255 1011 4320 Κοί.1,25-2’ί
1082 4251 1332 4316 1ΗΚοί.1,2θί
1399 4251 1543 4308 ΙθΙΚοτ.

236 4339 313 4402 3,10
398 4339 513 4394 20-22
537 4339 598 4394 Καὶ.
618 4339 693 4404 MS
774 4337 839 4394 241
863 4337 1059 4407 τηλίΤίιεει.
1077 4342 1101 4402 5,
1120 4341 1154 4394 23
1235 4337 1274 4394 25
1298 4337 1352 4408 vgl.
1372 4337 1383 4390 I
1402 4337 1543 4402 Κοτ.θ,7

236 4421 463 4564 Κολιθῖθξίλίοί.
481 4425 505 4486 2,
523 4425 563 4480 2ί
640 4423 706 4480 w
722 4423 782 4479 Καί.
799 4425 859 4484 4.2
940 4423 1005 4480 821
1020 4423 1075 4494 vgl.
1094 4423 1250 4490 ΙΚοε.8,7
1332 4420 1541 4484 θθ-ΜθθΑ

292 4547 342 4574 ·ι

323 4726 361 4782 18
378 4725 457 4796 τοῦθ]
475 4725 550 4782 τῦείί.
567 4724 697 4794 τοῦξτου>
716 4743 765 4780 aun
783 4726 809 4782 'h
828 4730 860 4783 14
879 4727 910 4782 st
989 4725 1028 4782 ⁸4
1046 4731 1097 4782 τοῦ
1105 4725 1123 4795 ¹]
1142 4731 1174 4790 ÷
1192 4723 1281 4796 λδγου
1299 4725 1310 4778 ί
1329 4725 1394 4782 Kor.
