3784 5532
653 517 792 574 stromata
809 519 829 574 1.
853 519 1016 590 Οσρ.Χ1ίΙΙ.
1033 521 1075 588 8³,
1086 521 1179 584 2-87.
1192 525 1216 576 1.
1550 529 1591 588 55

282 687 381 770 πυρῷ
404 679 448 754 τό
466 679 602 768 ζιζάνια.
641 677 803 763 »πόντεςε
829 673 892 754 οῦν
916 685 967 754 εσί
989 681 1057 771 πρό
1078 689 1196 772 κυρίου
1209 689 1353 758 κλέπται
1368 693 1424 756 καί
1438 693 1586 774 λησταί,ι
1611 697 1625 752 ί

283 775 343 870 σῦχ
358 775 478 865 όπλοῦς
492 779 620 866 πόντες
636 781 829 870 ἄνθρωποι,
851 779 980 866 πάντες
995 788 1031 854 δὲ
1050 783 1081 856 σί
1096 789 1379 874 ψευδοπροφῆται
1393 791 1447 856 καί
1462 780 1590 866 πάντες

284 883 317 950 οί
337 879 382 970 μῆ
405 888 530 966 κυρίως
550 877 614 954 ῦπ’
636 877 745 954 αῦτοῦ
766 875 1025 964 όπσσταλέντες.

367 981 471 1068 Είχον
497 986 532 1054 δὲ
558 987 614 1053 καί
640 985 674 1054 σί
703 987 987 1073 ψευδοπροφῆται
1013 979 1054 1053 τό
1076 989 1217 1072 κλέμμα,
1249 983 1291 1056 τό
1314 975 1422 1070 όνσμα
1447 981 1486 1054 τὸ
1508 1011 1590 1072 προ·
1609 997 1684 1062 ΒΜ

249 1076 446 1168 εφητικόν,
476 1087 651 1172 προφῆται
682 1073 794 1164 ὄντες,
825 1079 911 1154 όλλὰ
938 1089 1002 1154 τοῦ
1027 1079 1185 1168 ψεῦστου.
1229 1089 1315 1172 λέγει
1337 1083 1400 1172 γὰρ
1423 1077 1442 1154 ό
1464 1081 1627 1172 κῦρισς·2

287 1177 395 1270 ιῦμείς
423 1183 460 1252 ἐκ
486 1187 549 1252 τοῦ
574 1180 705 1270 πατρὸς
731 1178 828 1271 ῦμιῦν
851 1188 913 1254 τοῦ
935 1180 1095 1268 διαβόλου
1122 1191 1126 1266 ί
1154 1185 1228 1254 ἐστὲ
1249 1189 1305 1254 καί
1329 1181 1389 1266 τὰς
1411 1185 1592 1272 ἐπιθυμίας
1609 1197 1693 1256 3691)

285 1285 348 1351 τοῦ
377 1277 509 1368 πατρὸς
538 1277 636 1368 ύμοῦν
664 1287 784 1352 θέλετε
813 1299 934 1353 ποιεῖν.
977 1285 1104 1364 ἐκεῖνος
1135 1277 1430 1369 ἀνθρωποκτόνος
1458 1275 1499 1372 ῆν
1529 1277 1590 1352 ἄπ’

284 1375 402 1469 ἀρχῆς,
431 1387 487 1450 καί
514 1383 552 1450 ἐν
578 1385 620 1468 τῇ
647 1374 790 1470 ἀληθείᾳ
818 1377 878 1468 ούχ
905 1381 1056 1469 έστηκεν,
1087 1373 1142 1452 ότι
1169 1377 1231 1452 σῦκ
1262 1384 1354 1452 ἔστιν
1384 1377 1528 1470 όλῆθεια
1554 1385 1592 1452 ἐν

286 1475 389 1568 αύτῷ.
432 1473 519 1549 ὅταν
541 1485 627 1566 λαλῇ
649 1475 690 1550 τό
712 1485 846 1565 ψεῦδος,
867 1485 905 1552 ἐκ
927 1487 1000 1550 τῶν
1022 1486 1121 1552 ἰδίων
1143 1489 1250 1562 λαλεῖ,
1273 1473 1328 1550 ότι
1351 1479 1498 1570 ψεύστης
1520 1485 1591 1554 ἐστί

235 1603 268 1658 10
284 1585 340 1650 καί
367 1573 386 1648 ό
412 1577 527 1669 πατὴρ
554 1575 687 1650 αύτοῦπ
734 1583 771 1649 έν
796 1583 832 1650 δὲ
859 1599 932 1662 τοις
952 1578 1086 1666 ψεύδεσι
1106 1587 1163 1650 καί
1184 1576 1298 1669 όληθῆ
1322 1607 1397 1650 τινα
1420 1581 1537 1670 ἔλεγον
1560 1585 1629 1652 οίθ

286 1683 581 1768 ψευδοπροφῆται,
612 1684 668 1750 καί
696 1685 746 1768 τῷ
770 1671 845 1749 ὄντι
868 1671 964 1752 οῦτοι
984 1683 1021 1751 έν
1043 1676 1194 1750 ἐκστάσει
1218 1676 1457 1768 προεφήτευον
1479 1677 1527 1764 οῦς
1548 1677 1593 1750 όν

285 1774 483 1850 όποστότου
504 1774 664 1850 διάκονοι.
707 1783 795 1867 λέγει
822 1783 935 1850 δὲκαὶ
962 1774 999 1850 »ό
1021 1777 1161 1868 ποιμήν,
1185 1775 1204 1850 ό
1232 1777 1372 1868 ἄγγελος
1402 1783 1464 1868 τῆς
1494 1793 1629 1866 μετα-4

285 1885 396 1960 νσίαςι
422 1885 473 1967 τῷ
497 1873 597 1968 Ἐρμῆ
619 1883 697 1966 περί
718 1884 781 1948 τοῦ
803 1875 1103 1966 ψευδοπροφήτου·
1129 1877 1226 1950 »τινὰ
1247 1877 1310 1968 γὰρ
1330 1875 1463 1968 (ίῆματα
1478 1878 1592 1968 ἀληθῆ

285 1987 392 2048 λαλεῖ·
429 1971 448 2048 ό
470 1975 534 2066 γὰρ
560 1973 717 2062 διάβολος
743 1973 852 2050 αύτόν
876 1987 1003 2066 πληροῖ
1027 1985 1079 2068 τῷ
1107 1979 1230 2050 ἑαυτοῦ
1254 1977 1433 2067 πνεύματι,
1464 1982 1494 2048 εί
1515 2005 1593 2048 τινα

234 2101 267 2154 ιε
286 2075 465 2166 δυνήσεται
485 2078 582 2166 ῥῆξαι
605 2085 678 2148 τῶν
701 2083 868 2148 δικαίωυπ
906 2074 1021 2149 πάντα
1042 2083 1104 2166 μὲν
1126 2069 1189 2149 σῦν
1210 2083 1437 2166 οίκονομειται
1453 2075 1629 2150 ἄνωθενσ

285 2181 332 2258 είς
357 2171 479 2260 καλόν,
515 2179 587 2246 τίνα
614 2183 789 2264 γνωρισθῇ
817 2177 871 2247 διὰ
900 2183 960 2266 τῆς
981 2183 1156 2266 ἐκκλησίας
1179 2171 1199 2265 ῆ
1220 2185 1467 2260 πολυποίκιλος
1489 2183 1592 2262 σοφία

285 2281 348 2347 τοῦ
378 2281 477 2353 θεοῦ,
508 2275 596 2346 κατὰ
626 2271 824 2364 πρόγνωσιν
854 2283 927 2348 τῶν
953 2277 1093 2348 αίιῦνων
1119 2275 1162 2366 ἢν
1184 2279 1342 2364 ἐποίησιν
1362 2279 1401 2348 έν
1423 2281 1588 2367 Χριστῴκ

286 2381 336 2464 τῷ
364 2381 437 2466 θεῷ
466 2381 502 2448 δὲ
530 2371 630 2446 οῦδὲν
652 2370 837 2446 ἀντίκειται
868 2371 945 2446 οῦδὲ
976 2381 1193 2448 ἐναντιοῦταί
1215 2403 1248 2446 τι
1270 2371 1379 2464 αύτῷ,
1409 2383 1514 2464 κυρίῳ
1537 2381 1628 2448 καίσ

284 2471 540 2562 παντοκρότορι
571 2467 657 2546 ὄντι.
700 2471 787 2548 ἀλλὰ
816 2481 872 2546 καὶ
898 2479 932 2545 αί
958 2483 1032 2545 τιῦν
1062 2471 1381 2563 όποστατησόντων
1410 2483 1528 2558 βουλαί
1554 2501 1591 2544 τε
1610 2496 1687 2560 sm

232 2595 267 2648 20
285 2580 340 2644 καί
362 2575 538 2662 ἐνέργειαι,
560 2580 689 2662 μερικσί
713 2566 816 2654 οὖσαι,
840 2583 995 2662 γίνονται
1017 2581 1079 2662 μὲν
1100 2579 1138 2644 ίκ
1160 2571 1291 2662 φαύλης
1313 2581 1511 2656 διαθέσεως,
1533 2601 1590 2644 κα·

284 2669 399 2760 θόπερ
420 2678 476 2743 καί
498 2677 532 2744 αί
555 2669 649 2746 νόσοι
672 2677 706 2746 αί
728 2679 927 2762 σωματικαί·
959 2678 1191 2762 κυβερνῶνται
1213 2679 1248 2742 δὲ
1270 2669 1338 2744 ύπὸ
1361 2679 1422 2762 τῆς
1437 2671 1591 2744 καθόλου

284 2781 449 2860 προνοίας
479 2777 535 2845 ἐπί
566 2779 663 2856 τέλος
694 2767 855 2862 ῦγιεινόν,
886 2769 952 2842 κόν
981 2769 1165 2853 νοσσποιὸς
1191 2765 1210 2859 ᾖ
1240 2768 1260 2860 ἡ
1286 2779 1387 2844 αίτία
1432 2777 1627 2860 μέγιστονε

284 2879 368 2960 γοῦν
398 2878 460 2962 τῆς
485 2880 582 2956 θείας
608 2881 772 2960 προνοίας
799 2871 840 2942 τὸ
866 2871 910 2960 μῆ
933 2876 1028 2944 ἐᾶσαι
1051 2870 1116 2960 τῆν
1137 2875 1172 2957 lg
1194 2867 1417 2952 όποστόσεως
1439 2873 1592 2942 έκσυσίσυ

285 2989 426 3058 φυείσαν
446 2979 569 3042 κακίαν
591 2972 763 3061 ἄχρηστον
783 2977 839 3042 καί
862 2968 1025 3058 όνωφελῆ
1046 2975 1159 3059 μένειν
1179 2977 1261 3060 μηδὲ
1283 2969 1349 3059 μὴν
1370 2969 1459 3040 κατὰ
1476 2965 1591 3040 πάντα

232 3090 267 3144 25
284 3069 451 3158 βλαβερὰν
486 3067 594 3160 αῦτῆν
630 3078 798 3160 γενέσθαι·
835 3075 896 3160 τῆς
926 3069 989 3159 γὰρ
1020 3077 1115 3152 θείας
1147 3078 1269 3157 σοφίας
1298 3077 1354 3140 καί
1384 3065 1507 3158 ἀρετῆς
1536 3076 1630 3148 καὶε

286 3167 461 3258 δυνάμεως
483 3173 582 3258 ἔργον
604 3174 697 3242 ἐστίν
718 3166 759 3241 οῦ
779 3165 888 3258 μόνον
911 3167 951 3240 τό
974 3163 1200 3258 όγαθσπσιείν
1220 3167 1330 3256 (φύσις
1345 3167 1408 3258 γὰρ
1424 3164 1472 3251 σός
1487 3175 1593 3240 είπειν

285 3261 371 3358 αῦτη
395 3274 458 3342 τοῦ
479 3275 563 3340 θεοῦ
586 3267 633 3352 οῦς
656 3277 719 3342 τοῦ
740 3269 847 3356 πυρὸς
870 3267 910 3340 τὸ
933 3277 1129 3356 θερμαίνειν
1150 3275 1205 3340 καί
1233 3275 1296 3340 τοῦ
1317 3267 1436 3354 φωτός
1458 3267 1499 3340 τό
1522 3296 1593 3354 φω-

286 3375 412 3455 τίζειν),
435 3365 522 3441 ἀλλὰ
543 3365 679 3440 κόκεινσ
701 3365 845 3458 μάλιστα
867 3367 908 3440 τό
928 3368 983 3440 διὰ
1004 3375 1121 3440 κακῶν
1137 3377 1210 3441 τῶν
1229 3373 1489 3456 έπινοηθέντων
1508 3363 1593 3454 πρός

287 3497 395 3539 τινων
426 3463 559 3556 ἆγαθόν
586 3497 619 3540 τι
646 3477 700 3540 καί
726 3467 876 3557 χρηστὸν
907 3473 1005 3550 τέλος
1035 3461 1216 3540 όπστελειν
1243 3475 1299 3538 καί
1322 3465 1501 3556 ὠφελίμως
1523 3483 1595 3550 τοῖς

234 3589 269 3642 30
286 3573 422 3640 δοκοῦσι
450 3567 593 3656 φαύλοις
623 3575 769 3656 χρῆσθαι
795 3563 952 3651 καθάπερ
978 3573 1032 3636 καί
1060 3573 1110 3656 τῷ
1137 3573 1174 3638 έκ
1200 3573 1387 3656 πειρασμοῦ
1412 3573 1593 3654 μαρτυρίῳ.

286 3669 377 3738 ἔστιν
409 3661 471 3738 οῦν
500 3663 567 3740 κόν
597 3675 797 3758 φιλοσοφίᾳ,
829 3673 870 3754 τῆ
901 3673 1063 3754 κλαπείση
1086 3663 1242 3754 καθάπερ
1273 3663 1339 3738 ύπό
1368 3671 1593 3756 Προμηθέως,
1612 3687 1688 3754 ⁸⁷·l

285 3773 353 3856 πῦρ
383 3762 501 3857 ὀλίγον
532 3773 578 3850 είς
609 3775 684 3854 φῶς
717 3765 909 3856 ἐπιτήδειον
939 3773 1109 3854 χρησίμως
1140 3763 1416 3854 ζωπυρσύμενσν,
1446 3769 1538 3854 ίχνος
1562 3791 1594 3834 τι

374 4031 388 4084 1
410 4029 566 4096 Joh.10,‘3
654 4027 827 4086 6-101011.
846 4027 922 4094 ⁸,st
1004 4025 1399 4095 12rvgl.flerm.vis.v7
1482 4025 1595 4082 18-15

287 4111 564 4170 Herm.Mand.x13
647 4114 710 4170 161
725 4113 860 4184 Κρίσουθ,
875 4109 925 4166 101
1004 4111 1117 4166 1θ-θίί
1130 4111 1407 4182 Οίττγιίρρῖιφίτγε.
1423 4109 1487 4166 1184
1501 4107 1596 4164 Arnim

334 4199 524 4264 81-8.θθ,1
550 4197 604 4268 vgl.
624 4197 705 4254 Ρίσίο
724 4197 828 4252 Ρίιίίυί).
847 4215 872 4267 p.
893 4195 957 4251 mc
979 4199 1057 4250 θεῶν
1073 4193 1127 4262 μὲν
1145 4194 1185 4260 είς
1203 4191 1377 4264 ἀνθρώπους
1394 4195 1482 4259 δόσις.
1504 4185 1545 4258 ὥς
1563 4209 1594 4262 γε

289 4283 493 4351 καταφαίνεται
517 4281 594 4352 έμοί,
617 4284 709 4339 ποθὲν
731 4287 764 4338 έκ
786 4285 863 4338 θεῶν
885 4277 986 4352 ἐρρίφη
1009 4277 1054 4334 διό
1072 4297 1150 4344 τινος
1169 4277 1346 4350 Προμηθέως
1363 4273 1424 4347 όίμα
1442 4275 1595 4350 φανστδτιμ

289 4367 343 4420 τινί
361 4367 434 4436 πυρί.
516 4369 581 4424 m
597 4367 651 4438 vgl.
671 4373 769 4422 strom.
789 4367 798 4420 1
818 4371 841 4432 ί,
860 4367 876 4420 3
893 4367 1001 4433 κίνησιν
1020 4367 1177 4434 ζητητικὴν,
1196 4359 1274 4434 ίγνσς
1291 4359 1426 4434 γνώσεως

376 4607 390 4660 1
413 4609 492 4676 πυρῷ
511 4605 590 4668 (nach
610 4623 626 4677 ρ
645 4603 690 4658 ein
709 4603 818 4658 Buchnt.
832 4603 912 4668 αυττ.)
931 4599 951 4654 Ιι
1034 4603 1052 4656 4
1071 4595 1150 4672 είχον
1167 4603 1188 4668 (ι
1200 4600 1228 4654 in
1241 4599 1312 4659 Rus.)
1331 4599 1363 4654 L·
1443 4597 1504 4668 τδί]
1523 4595 1595 4654 κατὰ

292 4687 378 4758 Ηεγτε
460 4689 494 4744 11
516 4687 761 4758 ψευδοπροφῆται]
776 4691 923 4758 προφῆται
943 4685 971 4752 L,
990 4685 1056 4740 abor
1073 4687 1161 4754 ψειδο
1184 4703 1228 4738 σω
1251 4683 1330 4738 Βσυδ
1354 4685 1385 4738 [τί
