3704 5530
597 549 737 606 stromata
756 549 800 604 v.1
822 547 887 620 Cap.
902 547 947 606 Vk
964 550 1005 614 48,
1020 553 1068 603 1-
1069 551 1110 614 61,
1122 547 1146 602 θ.
1461 551 1520 612 457

215 707 481 803 σωθησόμενος)
519 708 722 804 τηῦφρᾶνθη
747 741 813 803 μου
834 707 855 804 6
877 718 997 800 καρδία
1018 717 1073 783 καλ
1096 704 1364 801 ἡγαλλιᾶσατο“
1344 739 1364 798 η
1387 702 1558 798 γλῶσσᾶθ

215 841 288 902 μου.
330 815 437 884 ἔέτιδ
455 809 578 898 Ικαλ*
558 842 579 904 η
600 811 683 902 σιίρξ
702 840 768 904 μου
789 806 1123 900 κατασκηνώσειέτέ
1145 814 1283 892 ἐλπίδι,ι
1309 815 1422 898 φησίν,
1448 799 1520 878 »ὅτι
1538 815 1618 872 2728

216 909 279 984 οῦκ
307 915 560 1000 ἐγκαταλείψεις
585 911 650 1003 τὴν
675 911 788 1002 φυγήν
813 939 879 1002 μου
903 917 949 992 είς
962 905 1080 1000 Ἅιδην
1100 907 1178 984 οῦδὲ
1200 912 1318 994 δώσεις
1340 907 1404 980 τὸν
1425 899 1522 978 ῦσιδν

217 1037 279 1084 σου
308 1019 393 1084 ίδειν
423 1009 627 1102 διαφθορδν.
679 1009 863 1102 ἐγνώρισάς
896 1039 953 1104 μοι
987 1006 1089 1094 ὁδοῦς
1125 1016 1226 1100 ζωῆς·
1262 1009 1453 1099 πληρώσεις
1483 1031 1523 1094 με

183 1109 425 1200 δεῦφροσῦνης
445 1111 530 1202 μετὰ
553 1119 615 1184 τοῦ
636 1113 825 1202 προσώπου
847 1135 933 1184 σανα

292 1221 417 1318 Ὥσπερ
444 1221 507 1302 σῦν
533 1237 643 1320 τίμιος
664 1225 684 1302 6
706 1227 788 1314 λαὸς
809 1235 861 1320 τῷ
883 1237 1006 1320 κυρίῳ,
1037 1223 1150 1310 οῦτως
1173 1221 1192 1298 6
1214 1223 1297 1310 λαὸς
1319 1217 1414 1316 ῦγιος
1437 1217 1524 1307 ῦπας
1542 1235 1620 1300 5⁰.1

217 1331 309 1400 ἐστίν
330 1327 392 1399 σῦν
414 1335 465 1418 τῷ
487 1325 633 1420 Ἰουδαίῳ
656 1335 710 1400 καί
727 1323 746 1400 6
762 1332 798 1415 ἐξ
819 1331 936 1400 έθνών
957 1333 1183 1416 ἐπιστρέφων,
1206 1320 1244 1408 ῦς
1265 1321 1284 1398 6
1307 1323 1523 1416 προσήλυτος

216 1425 479 1518 πρσεφητεῦετο.
531 1423 671 1511 εἰκότως
706 1427 771 1516 ἄρα
805 1434 890 1516 βοῦν
924 1453 1005 1518 φησι
1035 1434 1091 1498 καὶ
1121 1426 1249 1511 ἄρκτον
1279 1429 1334 1498 ἐπὶ
1364 1423 1405 1498 τὸ
1437 1421 1559 1496 αῦτὸέ

217 1529 360 1614 ἐσείσθαι
386 1523 407 1616 6
433 1524 558 1616 γραφή·
593 1533 673 1612 βοῦς
702 1534 765 1618 μέν
795 1527 857 1618 γὰρ
887 1531 1016 1618 είρηται
1043 1521 1062 1599 δ
1087 1525 1245 1607 ’Ῑσυδαίος
1275 1529 1313 1596 ἐκ
1341 1531 1405 1598 τοῦ
1434 1522 1522 1596 κατὰ
1541 1529 1625 1586 766Ρ

168 1643 200 1698 10
218 1623 326 1716 νόμον
355 1623 422 1698 ῦπῦ
454 1624 555 1716 ζυγὸν
584 1633 741 1718 καθαροῦ
770 1631 951 1716 κριθέντος
982 1624 1087 1716 ζῴου,
1122 1629 1195 1698 έπεί
1225 1631 1280 1697 καί
1311 1631 1440 1714 διχηλει
1468 1632 1522 1696 καί

216 1732 404 1848 μηρνκᾶται
432 1721 451 1798 6
478 1731 569 1813 βοῦς·
606 1723 625 1798 6
652 1725 788 1808 ἐθνικὸς
816 1731 851 1798 δέ
877 1725 932 1798 διὰ
959 1731 1020 1848 της
1046 1724 1176 1814 ἄρκτου
1201 1727 1413 1812 ἐμφαίνεται,
1446 1723 1561 1798 τίκα-8

218 1823 351 1916 θᾶρτου
376 1833 431 1898 καλ
454 1823 572 1918 ἀγρίου
594 1835 730 1918 θηρίου·
761 1834 869 1898 τίκτει
894 1831 930 1896 δὲ
952 1824 994 1897 τὸ
1017 1831 1110 1946 ζῷον
1131 1820 1237 1912 σᾶρκα
1258 1820 1457 1911 δτῦπωτον,
1483 1822 1526 1914 ἣν

218 1934 408 2018 σχηματίζει
434 1933 482 2012 τίς
509 1925 574 2018 τὴν
599 1932 662 1998 τοῦ
688 1920 858 2016 θηρίου
839 1920 1027 2046 ομυιῦτητα
1051 1931 1094 2014 τῇ
1115 1923 1253 2014 γλώττη
1274 1921 1394 2014 μόνον·
1431 1923 1524 2014 λόγῳ

218 2025 282 2116 γὰρ
304 2033 472 2100 τυποῦται
499 2031 546 2108 είς
567 2025 610 2098 τὸ
636 2021 833 2116 ἡμεροῦσθαι
854 2029 891 2096 ἐκ
914 2055 976 2096 του
961 2021 1191 2114 θηριώδους
1212 2032 1288 2110 βίον
1310 2017 1329 2095 6
1352 2029 1387 2110 ἐξ
1408 2027 1525 2096 ἐθνῶν

170 2149 201 2202 15
218 2129 443 2214 ἐπιστρέφων,
466 2133 680 2209 τιθασευθείς
702 2153 738 2197 τε
761 2121 824 2215 ἤδη
847 2131 903 2196 καί
918 2119 1021 2206 αὐτὸς
1037 2121 1086 2206 ώς
1099 2129 1179 2209 βοῦς
1194 2119 1371 2212 δγνίςεται.
1405 2121 1525 2196 αῦτίκα
1543 2127 1562 2183 ⁴

219 2221 367 2316 φησὶν
348 2255 368 2298 ο
394 2221 588 2314 προφήτης·
615 2231 781 2314 »σειρῆνες
803 2221 1043 2316 εῦλογὴσουσίν
1063 2251 1102 2310 με
1124 2229 1179 2294 καί
1202 2231 1387 2312 θυγατέρες
1409 2247 1525 2312 στρον

219 2332 297 2398 θῶν
326 2331 382 2396 καὶ
413 2323 455 2395 τῦ
486 2333 589 2414 θηρία
618 2321 733 2396 πάντα
764 2329 827 2394 τοῦ
857 2317 986 2413 δγροῦ.«
1034 2330 1107 2394 τιῦν
1128 2319 1337 2412 ἀκαθάρτων
1358 2321 1460 2412 ζῴων
1483 2321 1562 2393 ταῦ

221 2433 322 2516 θηρία
353 2429 416 2496 τοῦ
443 2419 549 2514 δγροῦ
569 2423 803 2512 γιγνώσκεται,
827 2429 982 2494 τουτέστι
1010 2429 1072 2494 τοῦ
1097 2419 1238 2512 κόσμου,
1270 2426 1341 2494 ἐπεὶ
1371 2421 1460 2504 τοῦς.
1479 2425 1525 2504 είς

219 2531 335 2596 πίστιν
361 2520 497 2614 δγρίαυς
521 2530 577 2594 καί
603 2523 776 2612 δυπαροῦς
803 2521 866 2595 τὸν
891 2531 967 2608 βίον
992 2529 1075 2612 μηδὲ
1097 2529 1140 2611 τῇ
1161 2521 1249 2592 κατὰ
1272 2517 1379 2610 νόμον
1401 2527 1524 2592 δικαιο-

168 2639 203 2694 20
220 2622 303 2714 σῦνη
332 2630 604 2714 κεκαθαρμένους
635 2629 738 2712 θηρία
767 2619 1015 2742 προσαγορεύει.
1065 2617 1311 2712 μεταβαλόντες
1340 2625 1457 2710 μέντοι
1488 2621 1561 2690 έκθ

220 2730 283 2796 τοῦ
316 2725 400 2796 είναι
434 2731 545 2844 θηρία
574 2721 629 2794 διὰ
667 2728 730 2814 τῆς
769 2728 928 2812 κυριακῆς
962 2729 1111 2804 πίστεως
1153 2721 1336 2808 ἄνθρωποι
1371 2725 1524 2808 γίνονται

221 2829 317 2906 θεοῦ,
348 2828 385 2896 ἐκ
415 2829 479 2894 τοῦ
507 2823 573 2914 τὴν
603 2816 710 2912 ἀρχὴν
739 2828 881 2912 θελῆσαι
914 2818 1185 2910 μεταβάλλεσθαι
1219 2825 1266 2902 εές
1297 2817 1338 2891 τῦ
1369 2823 1526 2907 γενέσθαι

220 2919 486 3013 προκόπτοντες.
533 2921 614 3006 τοῦς
653 2927 714 3013 μὲν
695 2921 817 3011 νγὰρ
855 2929 1038 3010 προτρέπει
1074 2915 1093 2992 6
1127 2919 1256 3044 κῦρισς,
1289 2937 1361 3002 τοις
1397 2923 1432 2988 δέ
1462 2913 1561 3006 ἢδηί

193 3021 424 3114 έγχειρήσασι
459 3029 512 3094 καί
549 3039 641 3112 χεῖρα
677 3017 785 3112 ὀρέγει
819 3029 875 3093 καί
910 3019 1109 3094 ἀνέλκει
1098 3017 1156 3092 06
1190 3019 1253 3110 γὰρ
1283 3015 1527 3090 ῦποστέλλεται

170 3135 204 3190 25
221 3117 411 3212 πρόσωπον
447 3117 466 3194 6
496 3119 644 3194 πάντων
683 3117 851 3212 δεσπότης
896 3117 973 3194 οῦδὲ
1003 3117 1250 3210 έντραπησεται
1279 3123 1436 3207 μεγ,εθος
1473 3109 1528 3188 ὅτι

221 3220 344 3312 μικρὸν
368 3227 423 3292 καλ
449 3227 554 3312 μέγαν
581 3218 685 3304 αῦτὸς
705 3225 874 3392 ἐποίησεν
885 3216 1012 3310 ὁμοίως
1033 3249 1070 3292 τε
1092 3237 1237 3308 προνοεῖ
1256 3213 1426 3290 πάντων.ι
1472 3221 1528 3288 καί
1546 3222 1593 3284 ⁵1
1607 3221 1622 3277 1

223 3316 242 3392 6
265 3327 368 3406 Δαβίδ
389 3343 502 3410 φησιν·
539 3327 567 3393 εί
589 3327 646 3408 [δέ]
669 3351 725 3392 και
755 3319 983 3412 »ἐνεπᾶγησαν
1009 3325 1094 3410 ἔθνη
1115 3323 1154 3391 ἐν
1177 3310 1390 3442 διαφθορᾷ
1374 3347 1393 3406 η
1416 3323 1529 3406 έποίη-

223 3445 296 3506 σαν,
326 3423 364 3493 ἐν
388 3427 504 3510 παγίδα
531 3419 639 3508 ταύτῃ
660 3411 681 3508 6
705 3424 856 3508 ἔκρυψαν
882 3415 1124 3510 συνελήφθη“
1105 3449 1124 3490 ο
1149 3417 1235 3500 ποῦς
1262 3414 1409 3500 αῦτώντ,
1441 3413 1528 3488 ἀλλὰ

226 3525 377 3610 »ἐγένετο
407 3517 523 3610 κῦριος
553 3519 731 3643 xatawvy6
762 3528 814 3610 τῷ
844 3527 979 3610 πένητι,
1009 3517 1183 3610 βοηθὸςέ
1185 3545 1205 3586 ν
1237 3513 1385 3609 εῦκαιρίᾳ
1411 3521 1466 3586 καί
1492 3519 1529 3587 έν

173 3631 207 3686 30
224 3628 368 3706 θλίφει,
413 3615 618 3708 εῦκαίρως”
598 3647 664 3708 αρα
690 3615 977 3710 εῦηγγελίσθησαν
997 3623 1030 3690 οί
1052 3623 1090 3692 έν
1110 3611 1270 3702 θλίφει”
1249 3644 1355 3698 οντες.
1397 3623 1452 3687 καί
1475 3613 1566 3687 6162

225 3716 330 3792 τοῦτδ
352 3743 469 3810 φησιν·
507 3715 742 3808 δναγγείλατε
766 3727 804 3792 έν
830 3737 902 3804 τοῖς
923 3717 1096 3792 ἔθνεσι
1059 3748 1101 3790 τα
1124 3715 1370 3806 ἐπιτηδεύματα
1392 3711 1529 3796 αῦτοῦτ,

225 3825 280 3892 ίνα
305 3819 350 3910 μὴ
376 3815 503 3901 δδίκως
528 3826 705 3909 κριθῶσιν.
747 3823 775 3890 εί
801 3827 920 3892 τοίνυν
946 3820 1027 3903 τοῦς
1054 3822 1092 3890 έν
1113 3821 1209 3906 σαρκί
1232 3817 1286 3888 διὰ
1308 3821 1414 3888 τοῦτο
1437 3809 1529 3902 εῦηγ-
1548 3823 1568 3878 8

226 3927 392 4010 γελίσατο,
425 3923 479 3990 ίνα
499 3919 545 4010 μὴ
566 3925 864 3992 καταδικασθώσιν
886 3915 1025 4002 ἀδίκως,
1056 3925 1132 4002 πῶς
1154 3945 1196 3988 συ
1187 3913 1273 3988 ’καί
1294 3915 1374 3998 τοῦς
1395 3925 1531 4002 προεξε-

227 4017 422 4110 ληλυθότας
445 4025 505 4108 τῆς
526 4027 712 4108 παρουσίας
734 4016 840 4090 αῦτον
825 4019 917 4092 ’διὰ
939 4023 1003 4110 τὴν
1025 4015 1132 4106 αὐτὴν
1153 4013 1389 4106 εῦηγγελίσατο
1404 4019 1532 4094 αἰτίαν,·

314 4257 385 4312 1-5
403 4255 477 4312 Pul.
496 4259 536 4322 15,
553 4257 636 4312 9-11
656 4255 817 4320 (becinfluflt
835 4271 887 4310 von
905 4259 966 4311 Act.
978 4255 1002 4318 2.
1015 4255 1073 4310 26-
1083 4256 1126 4322 28)
1207 4253 1252 4310 δέ
1267 4251 1322 4322 vgl.
1334 4250 1388 4304 seu.
1402 4249 1470 4316 11,7

227 4339 548 4410 0-11vg1.Lev.11,³
618 4340 834 4410 loetvgkplut
847 4339 1048 4410 Mor.p.4940
1119 4337 1349 4402 immam
1417 4332 1533 4390 24-26

229 4423 481 4490 weinb.sal.0‚7
562 4423 714 4482 mvsal.
732 4427 757 4492 9,
776 4427 810 4480 16
890 4423 1138 4490 2⁰1P221.9‚10
1217 4421 1254 4478 ⁸1
1275 4419 1346 4476 psal.
1364 4421 1389 4486 9,
1407 4418 1440 4472 12

316 4635 353 4690 Ῑῦ
379 4635 620 4700 τιθασσενθείςίι
705 4635 744 4692 29.
774 4631 806 4690 έκ
827 4641 879 4690 τοῦ
900 4635 951 4704 την
973 4629 1063 4706 ἀρχὴν
1084 4653 1119 4682 ω
1142 4633 1220 4686 θαίιτι
1246 4633 1297 4700 την
1319 4627 1409 4702 ἀρχὴν
1431 4621 1464 4682 ἐκ
1484 4633 1535 4680 τοῦ

229 4719 251 4772 1,
320 4717 357 4774 ’δέ
382 4717 410 4774 εί
425 4717 475 4790 [δέ]
493 4719 524 4774 st
546 4713 585 4775 ίδε
603 4719 806 4774 ΙκσυιΡεεί.
824 4721 849 4786 9,
868 4721 901 4774 14
