3704 5530
581 547 721 602 stromata
739 545 783 604 Vl.
807 547 869 618 Cup.
884 547 955 603 xvl.
974 549 1031 614 134,
1043 551 1153 616 2-138,
1167 553 1189 606 1.
1473 559 1528 622 501

227 706 364 798 πράξεις
389 715 545 782 ἐπιτελεῖ.
587 707 730 792 είκότως
755 719 875 784 τοίνυν
902 713 936 782 αί
961 711 1021 784 δύο
1048 709 1175 796 πλάκες
1197 711 1290 802 (τάς)
1314 732 1385 797 τοις
1407 719 1570 798 δισσολςί

227 808 391 898 πνεύμασι
413 807 497 896 [τάς]
520 815 699 900 δεδομένας
720 809 865 894 ἐντολάς
887 817 936 900 τῷ
960 839 998 882 τε
1016 818 1206 884 πλασθέντι
1220 819 1274 902 τῷ
1290 841 1325 882 τε
1341 807 1532 903 ἡγεμονικῷ

229 907 290 992 τὰς
312 908 377 996 πρὸ
400 915 463 980 τοῦ
485 906 592 998 νόμου
612 913 886 1000 παραδεδομένας
909 907 1037 1000 ἀλλαγῇ
1060 915 1209 1002 είρηνται
1232 909 1384 1002 μηνύειν·
1411 919 1466 984 καί
1489 913 1569 988 τὰὸ

228 1015 302 1080 τῶν
322 1005 518 1100 αἰσθήσεων
528 1006 706 1134 κινήματα
728 1005 816 1080 κατά
842 1037 880 1082 τε
903 1009 966 1100 τὴν
988 1009 1184 1084 διάνοιαν’
1163 1017 1424 1085 αποτυπούνται
1445 1008 1533 1084 κατά

194 1137 210 1190 b
229 1137 265 1180 τε
294 1107 359 1196 τὴν
384 1105 453 1181 άπὸ
481 1113 543 1180 τού
565 1109 724 1229 σώματος
744 1113 915 1198 ἐνέργειαν
936 1117 1183 1198 φανεροῦνται·
1218 1109 1297 1198 ἐξ’
1276 1131 1403 1202 αμφοιν
1426 1111 1490 1200 γάρ
1512 1107 1532 1200 ἦ

227 1204 429 1298 κατάληψις.
464 1203 570 1280 πάλιν
591 1235 630 1280 τε
650 1199 693 1278 αύ
715 1203 763 1292 ὥς
785 1213 941 1298 αίσθησις
962 1207 1047 1298 πρός
1069 1209 1110 1282 τό
1129 1206 1306 1300 αίσθητόν,
1329 1205 1440 1292 οὕτως
1456 1206 1532 1300 νόη·
1552 1226 1649 1292 lam

228 1333 278 1392 σις
298 1305 386 1396 πρὸς
408 1303 448 1378 τό
472 1304 608 1398 νοητόν.
643 1313 754 1379 διτταὶ
776 1311 811 1380 δέ
833 1317 887 1381 καί
910 1313 944 1380 αί
964 1307 1111 1398 πράξεις,
1134 1313 1248 1400 αἳὲλὲμ
1251 1340 1270 1382 ν
1291 1306 1371 1382 κατ’
1386 1313 1531 1392 ἔννοιαν,
1550 1325 1631 1384 2908

228 1413 263 1478 οἳ
283 1415 318 1480 δέ
340 1436 404 1480 κατ
409 1403 619 1498 ’ἐνέργειαν

313 1515 377 1580 Καὶ
399 1504 421 1598 ἡ
441 1513 503 1596 μὲν
529 1507 651 1596 πραίτη
674 1513 735 1598 τῆς
757 1505 942 1596 δεκαλόγσυ
963 1507 1086 1598 ἐντολὴ
1108 1517 1320 1598 παρίστησιν,
1351 1503 1405 1582 ότι
1426 1507 1532 1598 μόνος
1551 1523 1569 1578 2

179 1630 212 1686 10
228 1609 274 1692 είς
304 1611 398 1680 ἐστιν
427 1603 509 1688 θεός
538 1602 804 1696 παντοκράτωρ,
837 1601 876 1690 ὃς
896 1611 935 1679 ἐκ
961 1613 1021 1698 τῆς
1044 1607 1221 1698 Αἰγύπτου
1243 1609 1306 1682 τόν
1327 1608 1413 1682 λαόν
1434 1607 1530 1700 μετή·

228 1735 329 1796 γαγεν
355 1705 409 1778 διά
437 1711 498 1796 τῆς
519 1703 645 1796 ἐρήμου
667 1711 715 1790 είς
737 1707 802 1796 τὴν
822 1707 990 1797 πατρῴαν
1021 1715 1093 1798 γῆν,
1125 1701 1220 1792 ὅπως
1249 1707 1533 1798 καταλαμβάνωσι

227 1813 290 1898 μέν
311 1806 367 1878 διὰ
388 1813 463 1878 τῶν
484 1811 592 1876 θείων
612 1803 861 1896 ἐνεργημάτων,
893 1805 941 1890 τός
962 1805 1136 1894 ἐδύναντο,
1168 1807 1232 1897 τὴν
1253 1807 1396 1895 δύναμιν
1416 1805 1532 1891 αύτοῦ,

229 1901 441 1993 ἀφιστῶνται
463 1909 499 1976 δὲ
522 1909 582 1994 τῆς
604 1911 679 1978 τῶν
700 1913 856 1996 γενητῶν
877 1913 1169 1996 είδωλσλατρείας,
1192 1907 1257 1998 τὴν
1278 1913 1393 1980 πᾶσαν
1414 1912 1534 1980 ἐλπίδα

228 2010 282 2078 ἐπί
310 2003 373 2078 τὸν
398 2003 476 2076 κατ’
500 2001 665 2094 ἀλήθειαν
691 2009 824 2094 ἔχοντες
851 2001 943 2080 θεόν.
986 2001 1005 2078 ό
1028 2004 1184 2096 δεύτερος
1211 2013 1246 2080 δέ
1269 2005 1412 2098 ἐμήνυεν
1434 2003 1571 2098 λόγοςθ

179 2131 211 2186 ιο
227 2105 272 2196 μὴ
289 2113 359 2178 δεῖν
377 2101 560 2194 λαμβάνειν
573 2111 656 2196 μηδέ
671 2109 844 2192 ἐπιφέρειν
866 2103 906 2176 τό
928 2115 1106 2195 μεγαλεῖον
1119 2100 1246 2196 κράτος
1262 2113 1324 2178 τοῦ
1338 2113 1422 2178 θεοῦ
1437 2100 1534 2196 (ὅπερ

228 2211 299 2278 ἐστὶ
322 2199 505 2294 τὸόνομα·
536 2211 641 2276 τοῦτο
664 2203 728 2293 γάρ
749 2201 858 2294 μόνον
876 2204 1037 2294 ἐχώρουν,
1060 2201 1141 2292 (dg)
1162 2209 1218 2274 καὶ
1242 2207 1291 2276 ίτι
1316 2213 1377 2278 νῦν
1400 2209 1430 2278 οί
1453 2217 1533 2278 πολ·

230 2313 293 2388 λοί,
315 2313 513 2394 μαθεῖν)-
534 2303 579 2393 μὴ
602 2310 719 2392 φέρειν
749 2303 877 2376 τούτου
903 2303 968 2388 τὴν
993 2307 1169 2392 ἐπίκλησιν
1191 2309 1245 2375 ίπί
1268 2303 1311 2376 τά
1334 2304 1460 2394 γενητά
1481 2313 1535 2377 καί

228 2401 366 2494 μάταια,
398 2401 419 2474 ἀ
442 2403 482 2492 δὴ
510 2409 515 2492 Ι
543 2407 575 2476 οί
598 2421 747 2491 τεχνῖται
769 2409 843 2474 τῶν
864 2398 1065 2492 ἀνθρώπων
1086 2399 1304 2492 πεποιήκασι,
1323 2400 1418 2526 καθ’
1442 2396 1494 2476 τόν
1515 2435 1535 2476 ο
1525 2399 1638 2472 ‘8101’

229 2495 282 2574 ὢν
312 2499 354 2574 ού
384 2499 558 2576 τάσσεται
593 2507 630 2574 ἐν
661 2497 847 2592 ταύτότητι
878 2501 940 2592 γάρ
970 2497 1127 2592 ἀγενήτῳ
1157 2497 1177 2574 ό
1207 2531 1260 2575 ων
1289 2499 1392 2586 αύτός
1421 2501 1535 2592 μόνος.

178 2627 212 2681 20
231 2611 346 2691 τρίτος
369 2607 406 2674 δέ
426 2605 498 2674 ἐστι
519 2595 662 2690 λόγοςι
643 2631 662 2674 ο
684 2599 826 2691 μηνύων
848 2607 1022 2692 γεγονέναι
1044 2599 1131 2691 πρὸς
1153 2629 1216 2672 τσυ
1201 2607 1315 2674 θεοῦ
1330 2601 1393 2674 τὸν
1406 2599 1572 2692 κόσμον4

229 2709 285 2774 καί
311 2707 493 2776 δεδωκέναι
525 2697 714 2774 ἀνάπαυσιν
745 2697 824 2790 ἡμίν
854 2695 999 2790 ἑβδόμην
1031 2695 1157 2790 ημέραν
1188 2699 1243 2774 διά
1268 2729 1332 2792 την
1358 2699 1446 2773 κατά
1473 2701 1537 2775 τόν

228 2809 304 2888 βίον
325 2797 572 2874 κακοπάθειαν·
604 2799 684 2884 θεὸς
707 2799 768 2890 γάρ
791 2797 940 2891 ἀκμητός
963 2829 999 2870 τε
1022 2807 1077 2870 καὶ
1098 2795 1238 2890 ἀπαθὴς
1258 2809 1314 2874 καί
1336 2795 1534 2892 ἀπροσδεής,

230 2899 428 2990 ἀναπαύλης
453 2906 489 2973 δέ
516 2895 608 2990 η’μεῑς
638 2903 670 2972 οί
701 2906 995 2990 σαρκοφορούντες
1026 2895 1180 2990 δεόμεθα.
1224 2895 1244 2990 ἡ
1266 2897 1388 2990 ἑβδόμη
1416 2909 1535 2974 τοίνυν
1554 2913 1650 2976 118,1

230 2997 334 3092 ἡμέρα
364 2997 552 3084 ἀνάπαυσις
580 2997 792 3090 κηρύσσεται,
825 2995 935 3088 ἀποχῇ
967 3005 1085 3070 κακῶν
1111 2997 1331 3090 έτσιμάςουσα
1354 2999 1418 3090 τὴν
1440 2997 1533 3090 ἀργέ-

315 3235 387 3294 1-8
410 3237 464 3307 vgl.
483 3237 705 3304 ,1491118410
723 3235 774 3290 mit
791 3237 871 3290 Διιιυ.
944 3235 1036 3290 9-11
1058 3235 1112 3304 vgl.
1131 3235 1217 3290 1⁸}on
1234 3235 1276 3300 20,
1293 3235 1332 3290 2r
1400 3237 1464 3292 141
1479 3237 1533 3308 vgl.

230 3319 398 3384 homost
474 3321 537 3377 181
552 3339 585 3374 τα
604 3319 621 3376 δ
638 3313 680 3376 ὧν
698 3319 754 3390 vgl.
772 3319 895 3386 εποδε,
910 3323 941 3375 14
1015 3319 1387 3390 20-22v31.nxod.20.8
1456 3323 1534 3378 20—

230 3409 255 3460 S.
267 3405 336 3468 502.
352 3407 385 3462 11
407 3404 551 3476 θῠσθίὶςει
564 3403 685 3476 Ετσετρί
701 3421 750 3460 ουτ
768 3403 908 3460 Aristobul
927 3403 992 3472 (τρὶ
1007 3401 1186 3468 anokenner,
1200 3404 1239 3458 De
1251 3403 1371 3460 Aristob.
1383 3423 1408 3476 p.
1421 3407 1533 3470 90—925

228 3489 273 3546 boi
292 3489 786 3562 Euoeb.Pmp.Ev.x11112‚9-12
803 3485 819 3542 δ
838 3487 907 3554 θεὸς
928 3485 979 3544 τδν
997 3483 1067 3542 ὅλον
1083 3487 1194 3556 κδσμον
1210 3487 1401 3546 κατεσκεύακε
1418 3491 1468 3546 καί
1484 3487 1519 3546 δέ
1525 3519 1533 3530 -

228 3582 314 3634 δωκε
332 3573 527 3632 ἀνάπαυσιν
545 3575 625 3644 ημῖν
641 3573 687 3630 διά
705 3571 738 3628 τδ
755 3571 963 3630 κακόπαθον
981 3565 1053 3628 εἶναι
1066 3579 1135 3628 πᾶσι
1147 3573 1199 3640 την
1209 3575 1308 3644 βιοτὴν
1320 3575 1370 3642 την
1384 3570 1536 3646 ἐβδδμην

229 3660 372 3734 ημέραν,
391 3659 407 3730 ἢ
425 3661 462 3728 δη
477 3655 662 3730 καλπράιτη
675 3663 800 3728 φυσικῶς
810 3653 846 3714 ἀν
858 3657 969 3730 λέγοιτο
982 3657 1095 3728 φωτὸς
1112 3655 1258 3728 γένεσις,
1271 3653 1306 3714 ἐν
1324 3647 1347 3734 ᾧ
1365 3657 1405 3715 τὰ
1422 3655 1535 3714 πάντα

229 3750 490 3818 σννθεωρετται.
525 3741 718 3814 μεταφέροιτο
740 3735 818 3798 δ’ἀν
839 3741 873 3798 τδ
896 3739 966 3798 αύτδ
987 3743 1037 3798 καί
1054 3739 1101 3798 ἐπί
1119 3747 1167 3810 τῆς
1185 3745 1325 3812 σοφίας·
1353 3743 1385 3800 τδ
1403 3740 1459 3812 γάρ
1477 3747 1535 3798 πᾶν

229 3837 300 3900 φῶς
317 3827 392 3886 ἐστιν
410 3825 440 3896 ἐξ
458 3827 549 3896 αὐτῆς.
584 3829 633 3884 καί
655 3847 728 3893 τινες
744 3825 872 3900 είρηκαοι
889 3834 947 3884 τῶν
965 3823 997 3882 ἐκ
1015 3831 1065 3894 τῆς
1082 3823 1218 3900 αίρέσεισς
1235 3823 1316 3892 δντες
1334 3824 1366 3882 ἐκ
1383 3833 1434 3882 τοῦ
1453 3827 1535 3898 Περι-

229 3913 322 3972 πάτου
347 3918 549 3986 λαμπτῆρσς
574 3909 662 3982 αύτίγν
688 3905 780 3982 ἔχειν
806 3909 918 3978 τάξιν·
942 3907 1223 3977 ἀκολουθοῦντες
1240 3911 1295 3984 γὰρ
1315 3909 1385 3982 αὐτῇ
1411 3915 1535 3981 συνεχῶς

229 3997 370 4070 δτάραγοι
386 3999 666 4066 καταστήσονται
682 3989 726 4052 δι’
744 3991 825 4052 δλοι·
842 4003 902 4052 τοῦ
918 3995 1005 4068 βίον.
1041 3995 1219 4066 σαφέστερον
1237 3995 1266 4053 δέ
1283 3997 1332 4052 καί
1348 3993 1466 4052 πάλλων
1477 4001 1535 4052 τῶν

230 4081 375 4156 ημετέρων
393 4081 545 4154 προγόνων
563 4101 604 4148 τις
622 4075 683 4140 είπε
702 4077 875 4150 Σολομὼν
900 4077 987 4148 σίντην
1014 4079 1079 4152 πρὸ
1106 4079 1258 4152 ούρανοῦ
1282 4083 1339 4138 καί
1366 4087 1425 4151 γῆς
1447 4075 1534 4152 ύκάρ-

228 4185 289 4238 χειν
308 4207 394 4222 .....
413 4171 518 4236 γνῶσιν
535 4161 640 4236 ἔγαμεν
658 4163 887 4238 ἀνθρωπίνων
904 4167 963 4222 καί
982 4165 1087 4222 θείων
1104 4163 1289 4236 πραγμάτων.

317 4383 359 4440 11
374 4381 567 4454 (τάς)-[τάς1
585 4384 617 4438 St
697 4383 715 4438 δ
734 4379 841 4452 ἀλλαγῇ
860 4384 894 4452 Sy
913 4379 985 4438 ἀλλά
1002 4385 1051 4438 καί
1070 4383 1090 4436 L
1173 4381 1236 4438 141
1251 4399 1295 4436 am
1308 4379 1386 4435 nand
1403 4383 1424 4451 β
1440 4377 1473 4432 Ιιῑ

234 4469 270 4524 14
292 4467 424 4538 δεύτερος
447 4469 508 4536 (καί
527 4467 633 4536 τρίτος»
658 4465 705 4520 Ma
783 4467 868 4538 λόγος
885 4489 898 4514 0
919 4489 932 4514 ι
954 4465 1137 4534 (1ἐτ1νοίδεε
1159 4466 1382 4523 Bilderdiemtesl
1404 4465 1448 4534 Sy,
1471 4463 1537 4517 aber

230 4553 275 4608 δίε
292 4551 518 4620 αονοΙΙιίλιιδίςο
530 4551 707 4621 Aufzihlung
717 4549 824 4606 whoint
836 4551 921 4606 duroh
934 4551 1059 4606 Clemens
1072 4551 1157 4606 solbat
1171 4549 1344 4606 venchuldet
1414 4549 1451 4604 15
1465 4549 1535 4616 λαμ·

228 4635 328 4708 δύνειν
351 4633 410 4695 εέπί
427 4637 555 4706 ματαίῳ)
574 4635 691 4690 Hcs-chel
780 4635 816 4690 1⁶
841 4631 908 4704 (ὡς)
933 4637 983 4692 καί
1001 4635 1033 4690 st
1059 4633 1099 4700 ὼς
1116 4635 1195 4690 θεον
1278 4637 1312 4690 11
1334 4631 1431 4704 φέρειν
1458 4623 1535 4700 (σύν)

230 4721 309 4776 θοὴν
379 4721 419 4778 2⁰
437 4717 761 4792 τρίτος]τέταρτος(ν31.
772 4737 804 4772 ευ
815 4719 841 4774 Z.
853 4723 895 4784 14)
905 4723 949 4788 Sy,
960 4719 1007 4774 Mn
1075 4719 1279 4790 mRnndW
1351 4719 1390 4776 24
1409 4715 1537 4788 ἀπσγηῑ,
