3726 5528
513 567 652 623 stromata
669 567 716 625 IV.
734 567 798 639 Cap.
810 569 870 626 XII.
887 569 929 638 86,
942 569 1056 642 l-Gap.
1069 569 1141 625 XIII.
1159 571 1201 638 90,
1213 571 1238 626 2.
1468 575 1528 639 287

218 729 381 814 κολάσεις.
425 727 446 820 ή
466 728 613 818 πρόνοια
634 735 670 802 δὲ
692 735 722 802 εί
742 737 799 802 καί
819 727 888 806 α’πό
911 737 975 804 τοῦ
992 723 1187 822 Ἄρχοντες,
1220 730 1268 818 τός
1287 757 1398 822 φασιν,
1428 741 1564 806 κινεῖ-δ

219 841 300 902 σθαι
322 829 468 918 ἄρχεται,
492 825 566 902 ἀλλ’
588 827 821 922 ἐγκατεσπόρη
842 852 916 916 ταις
939 829 1066 916 οὐσίαις
1088 831 1150 904 σῦν
1171 839 1227 904 καί
1249 841 1291 924 τῇ
1312 839 1386 904 τῶν
1399 829 1527 904 ου’σιῶν

217 935 342 1019 γενέσει
363 928 449 1016 πρὸς
471 935 534 1002 τοῦ
555 935 641 1002 θεοῦ
661 937 735 1002 τῶν
757 925 859 1005 όλιυν.
904 923 955 1004 σόν
977 926 1088 1016 οὕτως
1113 929 1268 1022 ἐχόντων
1294 929 1423 1023 ἀνάγκη
1446 926 1564 1022 ὁμο-4

218 1037 333 1120 λογείν
355 1025 479 1111 αῦτοῦς
500 1024 602 1118 ήτήν
616 1028 756 1103 κόλασιν
774 1031 819 1122 μή
835 1033 920 1104 είναι
935 1031 1054 1105 ἄδικον
1070 1039 1138 1119 (καὶ
1153 1037 1451 1122 δικαιοπραγοῦσιν
1469 1041 1474 1116 1
1494 1033 1525 1102 οί
1543 1045 1628 1102 6030

182 1141 198 1194 0
216 1124 500 1215 καταδικάζοντες
520 1135 576 1200 καί
599 1127 783 1214 διιόκοντες
805 1130 885 1214 τοῦς
905 1127 1089 1220 μάρτυρας)
1116 1127 1138 1220 ή
1159 1133 1197 1202 έιι
1218 1129 1414 1222 θελήματος
1435 1135 1525 1219 ἐνερ-

216 1236 348 1317 γεῖσθαι
378 1233 441 1300 τοῦ
470 1235 555 1300 θεοῦ
585 1237 641 1300 καί
672 1229 753 1313 τοῦς
783 1229 960 1320 διωγμοός.
1002 1227 1116 1305 οῦκέτι
1148 1224 1210 1304 οῦν
1241 1225 1260 1302 ό
1285 1227 1392 1313 πόνος
1423 1235 1479 1304 καί
1506 1225 1562 1300 όῦ

217 1322 332 1414 φόβος,
355 1323 404 1408 σός
426 1323 523 1400 αῦτολ
546 1334 710 1418 λέγουσιν,
732 1332 959 1420 έπισυμβαίνει
982 1349 1055 1412 τοις
1074 1328 1264 1420 πράγμασιν
1287 1327 1335 1414 τός
1357 1325 1376 1402 ό
1398 1327 1449 1414 ίὸς
1472 1336 1524 1420 τῷ

215 1423 352 1518 σιδήρῳ,
375 1423 449 1499 ἄλλ’
472 1430 509 1498 ίνι
530 1428 722 1520 βουλήσεως
742 1434 828 1512 ίδίας
849 1435 1070 1518 προσέρχεται
1092 1437 1135 1520 τῇ
1158 1437 1255 1518 φυγῇ.

297 1531 382 1598 XIII.
413 1533 476 1598 Καὶ
498 1534 574 1616 περὶ
596 1533 658 1617 μὲν
680 1525 819 1600 τούτων
840 1528 948 1612 πολῦς
967 1524 986 1600 ό
1002 1526 1113 1620 λόγος,
1130 1524 1171 1600 όν
1186 1535 1223 1601 έν
1237 1526 1368 1616 ῦστέρῳ
1384 1545 1524 1600 σκοπεῖν
1542 1537 1620 1606 801

163 1637 197 1692 10
215 1623 430 1710 ἀποκείσεται
460 1627 548 1698 κατὰ
577 1624 697 1714 καιρόν
727 1625 1019 1718 διαλαμβάνουσιν.
1066 1625 1291 1712 Οῦαλεντῑνος
1322 1635 1357 1700 δὲ
1387 1629 1424 1700 έν
1455 1655 1523 1700 τινι

214 1719 328 1818 όμιλίρ
349 1725 437 1798 κατὰ
460 1732 551 1813 λέξιν
572 1723 705 1815 γρόφει·
731 1723 811 1800 »ἀπ’
833 1725 935 1818 όργής
957 1723 1129 1801 όθόνατοί
1150 1732 1225 1800 ἐστε
1242 1735 1297 1800 καί
1316 1733 1419 1800 τέκνα
1435 1731 1560 1818 ζωήςθ

213 1828 288 1896 έστε
313 1830 453 1909 αίωνίας
478 1831 533 1896 καί
560 1823 624 1898 τόν
647 1823 805 1899 θάνατον
831 1825 973 1917 ἠθέλετε
993 1835 1193 1917 μερίσασθαι
1215 1833 1262 1910 είς
1283 1825 1436 1912 ἑαυτούς,
1468 1829 1524 1898 ίνα

213 1921 430 2014 δαπανήσητε
457 1921 563 1998 αὐτόν
588 1931 644 1996 καί
672 1923 880 2016 όναλσόσητε,
902 1935 960 1998 καὶ
981 1925 1143 2014 όποθόνη
1165 1921 1185 1999 ό
1208 1923 1360 2010 θάνατος
1386 1929 1425 1998 έν
1446 1921 1523 2016 ῦμίν

212 2029 267 2094 καί
290 2019 335 2094 δι’
359 2019 463 2112 ῦμῶν.
507 2017 594 2096 όταν
620 2024 683 2114 γὰρ
710 2023 774 2096 τόν
799 2031 861 2116 μέν
890 2023 1019 2116 κόσμον
1040 2025 1155 2117 λῦητε,
1187 2023 1277 2110 ῦμείς
1299 2031 1334 2097 δὲ
1355 2025 1400 2115 μὴ
1421 2035 1560 2098 κατα-8

161 2133 195 2188 15
213 2120 349 2210 λύησθε,
380 2121 549 2212 κυριεῦετε
572 2129 633 2214 τῆς
654 2131 797 2207 κτίσεως
816 2134 873 2196 καὶ
895 2132 956 2217 τῆς
979 2133 1115 2217 φθορᾶς
1137 2121 1293 2216 όπόσης.«
1340 2123 1437 2212 φύσει
1459 2125 1522 2214 γὰρ
1540 2137 1559 2194 4

213 2219 406 2310 σῳζόμενον
428 2229 527 2311 γένος
548 2219 752 2296 ὑποτίθεται
773 2230 828 2294 καλ
850 2222 954 2308 αῦτός
975 2229 1129 2314 ἐμφερῶς
1151 2233 1202 2316 τῷ
1219 2230 1409 2312 Βασιλείδη,
1431 2223 1520 2294 ἄνω-

212 2331 275 2392 θεν
297 2327 333 2392 δὲ
355 2317 434 2410 ήμίν
455 2329 554 2412 δεῦρο
577 2329 683 2396 τοῦτο
705 2323 745 2414 δή
768 2323 810 2396 τό
833 2321 1000 2412 διάφορον
1022 2330 1118 2413 γένος
1138 2327 1192 2396 ἐπὶ
1207 2323 1273 2414 τὴν
1288 2330 1351 2396 τοῦ
1364 2319 1522 2395 θανότου

210 2423 409 2508 καθαίρεσιν
443 2417 550 2511 ήκειν,
586 2419 744 2494 θανᾶτου
778 2429 813 2494 δέ
844 2429 974 2512 γένεσιν
1005 2427 1104 2514 ἔργον
1134 2426 1217 2494 είναι
1246 2429 1310 2497 τοῦ
1341 2432 1521 2505 κτίσαντος

212 2517 275 2590 τόν
300 2517 436 2610 κόσμον.
480 2521 532 2594 διὸ
558 2529 613 2592 καί
640 2521 705 2610 τήν
732 2521 865 2612 γραφήν
892 2527 1026 2612 ἐκείνην
1048 2518 1159 2606 οὕτως
1182 2526 1362 2612 ἐκδέχεται·
1392 2517 1557 2604 εσῦδείςῦ

159 2627 194 2682 20
212 2611 334 2703 όιρεται
365 2621 405 2692 τὸ
435 2619 626 2710 πρόσωπον
660 2627 723 2694 τοῦ
753 2629 838 2694 θεοῦ
867 2629 924 2694 καί
954 2619 1105 2712 ζήσεταιι
1141 2617 1189 2704 αός
1218 2619 1375 2694 θανάτου
1401 2628 1519 2694 αίτίου.

210 2725 286 2808 περί
323 2719 449 2792 τοῦτου
485 2727 548 2792 τοῦ
583 2727 668 2793 θεοῦ
699 2726 807 2794 ἐκεῖνα
838 2727 1026 2794 αἰνίττεται
1055 2719 1200 2812 γράφων
1230 2718 1347 2804 αῦταις
1377 2727 1555 2808 λέξεσινθ

214 2814 362 2892 »ὁπόσον
384 2817 542 2892 έλόττυιν
563 2816 583 2910 ή
606 2823 709 2893 είκεόν
730 2827 793 2894 τοῦ
815 2829 947 2910 ζῶντος
973 2821 1176 2910 προσιόπου,
1208 2827 1377 2892 τοσοῦτον
1403 2817 1517 2912 ήσσων

210 2913 229 2990 ό
256 2915 381 3008 κόσμος
406 2925 469 2990 τοῦ
495 2927 626 3007 ζῶντος
654 2927 788 3004 αίιῦνος.
831 2929 883 3004 τίς
909 2914 972 2994 οῦν
993 2927 1085 2993 αίτία
1107 2927 1168 3010 τῆς
1190 2917 1338 3005 είκόνος,·
1367 2931 1516 3010 μεγαλω-
1534 2931 1613 2998 00,1

209 3016 292 3108 σόνη
315 3025 379 3092 τοῦ
401 3019 591 3108 προσώπου
615 3027 867 3112 παρεσχημένου
889 3027 940 3111 τῷ
963 3018 1133 3110 ζωγράφῳ
1155 3018 1219 3091 τόν
1240 3018 1361 3106 τόπον,
1392 3021 1448 3090 ίνα
1469 3049 1516 3092 τι·

156 3133 191 3188 25
208 3124 300 3207 μηθῇ
322 3113 368 3190 δι’
391 3113 561 3208 όνόματος
583 3115 701 3192 αὐτοῦ·
737 3117 779 3192 οῦ
804 3118 867 3210 γόρ
889 3117 1103 3202 αόθεντικῶς
1125 3117 1247 3210 εῦρέθη
1268 3115 1398 3209 μορφή,
1430 3115 1515 3192 ἀλλὰ

208 3216 249 3288 τὸ
277 3210 385 3306 ὄνομα
416 3216 614 3308 ἐπλήρωσεν
645 3217 685 3292 τό
716 3215 903 3310 ῦστερήσαν
933 3225 970 3292 έν
996 3215 1124 3292 πλόσει.
1167 3237 1319 3308 συνεργεῖ
1339 3225 1375 3290 δὲ
1395 3227 1450 3290 καί
1472 3219 1514 3291 τό

209 3321 271 3386 τοῦ
306 3323 391 3388 θεοῦ
427 3313 577 3405 όόρατον
613 3323 660 3400 είς
694 3325 810 3390 πίστιν
845 3325 908 3391 τοῦ
944 3326 1211 3410 πεπλασμένους
1264 3316 1329 3389 τὸν
1359 3326 1421 3408 μὲν
1451 3317 1551 3408 γὰρθ

207 3413 418 3505 Δημιουργόν
440 3413 488 3498 τός
510 3415 596 3488 θεὸν
616 3424 672 3488 καί
693 3425 824 3506 πατέρα
845 3424 1018 3508 κληθέντα
1038 3415 1152 3490 είκόνα
1168 3423 1231 3490 τοῦ
1245 3413 1415 3506 όληθινοῦ
1429 3425 1514 3492 θεοῦ

206 3522 261 3586 καί
282 3513 469 3608 προφήτην
489 3535 686 3604 προσεῖπεν,
718 3515 903 3606 ζωγράφον
925 3525 961 3590 δὲ
983 3517 1047 3608 τήν
1069 3525 1220 3606 Σοφίαν,
1252 3509 1291 3607 ἧς
1314 3515 1355 3589 τό
1376 3516 1514 3609 πλάσμα

154 3609 227 3702 3οή
254 3613 369 3702 είκιόν,
401 3621 448 3698 είς
472 3613 575 3702 δόξαν
602 3622 665 3688 τοῦ
692 3612 856 3704 όσρότου,
888 3622 959 3689 έπεί
982 3611 1044 3690 ὅσα
1067 3623 1104 3690 ἐκ
1125 3625 1281 3708 συζυγίας
1301 3624 1512 3707 προέρχεται,

291 3809 399 3864 11-8.
417 3809 484 3878 288,
506 3813 525 3866 θ
557 3811 613 3880 vgl.
631 3809 796 3882 Hilgenfeld
818 3811 909 3866 Zw'I'h
931 3811 965 3868 23
988 3814 1075 3881 (1880)
1097 3813 1123 3868 S·
1141 3813 1228 3878 292f3
1255 3811 1513 3882 Κείτετηεεοίιίοίιίε

204 3893 230 3946 S.
249 3891 335 3948 298ss
424 3895 536 3950 11-15
562 3893 619 3964 vgl.
647 3895 738 3950 Herm.
764 3893 896 3966 Txiameg.
924 3895 1086 3952 Poemandr.
1115 3897 1179 3968 Cap.
1205 3899 1240 3954 28
1267 3897 1296 3952 τί
1326 3891 1455 3964 ἑαυτούς,
1487 3889 1512 3952 ὧ

204 3969 305 4047 ἄνδρες
325 3985 465 4048 γηγενεῖς,
488 3978 530 4045 είς
550 3977 680 4036 θάνατον
701 3975 875 4036 έκδεδώκατε
897 3973 1011 4049 ἔχοντες
1032 3977 1161 4048 έξοισίαν
1184 3987 1233 4050 τῆς
1249 3977 1411 4045 ἀθανασίας
1427 3999 1511 4050 μετα-

202 4063 317 4134 λαβεῖνς
333 4065 529 4132 μετανοήσατε
549 4061 578 4120 σί
595 4063 814 4130 συνοδεύσαντες
830 4069 864 4133 τῇ
881 4063 974 4134 πλάνη
989 4067 1038 4121 καί
1055 4066 1332 4136 σιγκοινιονὴσαντες
1347 4071 1381 4134 τῇ
1399 4061 1511 4140 ἀγνοίᾳ,

203 4140 384 4216 ἀπαλλάγητε
407 4155 457 4202 τοῦ
480 4155 627 4204 σκοτεινοῦ
650 4148 757 4218 φιντδς,
779 4147 952 4220 μετελάβετε
975 4155 1024 4218 τῆς
1041 4145 1202 4216 ἀθανασίας
1218 4151 1443 4218 καταλείψαντες
1460 4151 1511 4218 τήν

203 4227 327 4300 φθοράν.
398 4232 458 4288 ῙΗ
467 4251 500 4288 τυ
512 4233 621 4302 κόσμος
632 4251 658 4289 u.
670 4233 759 4299 κτίσις
770 4232 1198 4304 vgl.flerakleonFr.2013rooko
1268 4235 1329 4290 lot
1338 4233 1510 4300 Exod.32‚20

237 4313 373 4384 θθίτφί.
390 4315 468 4372 Rom
487 4321 510 4386 1,
528 4319 562 4375 20
640 4317 774 4388 2⁰1ng
793 4317 855 4374 Καί.
873 4322 897 4384 1,
916 4321 949 4374 Ιό
1031 4317 1095 4374 aot
1110 4317 1165 4388 vgl.
1186 4315 1249 4372 Ετε.
1268 4335 1301 4372 ox
1318 4318 1420 4374 Theod.
1437 4319 1471 4374 32

288 4465 304 4520 l
323 4457 365 4530 ὥς
382 4483 468 4536 φασιν
486 4466 517 4523 SI
535 4467 590 4538 τρὶ.
608 4469 686 4536 Ηοτί,
704 4467 823 4524 Diotion.
841 4467 873 4523 of
888 4467 986 4524 Christ.
1005 4467 1121 4538 Biogr.1
1140 4487 1166 4540 p.
1184 4469 1255 4524 22⁸0·
1272 4463 1313 4534 ὥς
1331 4475 1418 4538 φᾱναι
1436 4469 1458 4522 L

201 4548 220 4605 4
245 4541 346 4616 (ὥστε)
363 4551 413 4606 καί
430 4551 509 4606 Schw
588 4554 607 4608 θ
632 4549 665 4608 ὃν
683 4553 730 4608 Ma
752 4546 822 4608 ὅσον
840 4551 862 4606 L
944 4554 980 4608 17
1004 4551 1140 4624 διαφέρον
1158 4553 1205 4608 Ma
1227 4555 1294 4624 (vgl.
1313 4553 1379 4608 aber
1396 4551 1461 4608 Exe.
1475 4570 1508 4608 ετ

200 4631 303 4688 Thood.
320 4637 363 4696 41.
380 4635 406 4702 3)
496 4637 536 4692 20
558 4635 650 4694 αίτίου
668 4635 805 4705 <έκείνου>
824 4634 904 4692 Βυίιτι
993 4637 1032 4694 25
1055 4635 1205 4708 αδθεντιπη
1224 4639 1256 4692 SI
1344 4634 1448 4712 ἐρρέθη
1472 4639 1507 4708 Sy

235 4735 274 4792 2ss
290 4731 453 4806 ἐπλήρωσεν
469 4737 505 4808 Sy
523 4723 656 4810 έιτλήραιό
673 4739 716 4806 (²
734 4731 911 4810 ἐπλήρωσαν)
931 4737 951 4792 L
