<?xml version="1.0" encoding="UTF-8"?>
<!DOCTYPE html PUBLIC "-//W3C//DTD XHTML 1.0 Transitional//EN"
    "http://www.w3.org/TR/xhtml1/DTD/xhtml1-transitional.dtd">
<html xmlns="http://www.w3.org/1999/xhtml" xml:lang="en" lang="en">
 <head>
  <title>
</title>
<meta http-equiv="Content-Type" content="text/html;charset=utf-8" />
  <meta name='ocr-system' content='tesseract 3.04.00' />
  <meta name='ocr-capabilities' content='ocr_page ocr_carea ocr_par ocr_line ocrx_word'/>
</head>
<body>
  <div class='ocr_page' id='page_1' title='image "./diegriechischen02wissgoog/diegriechischen02wissgoog_0491.png"; bbox 0 0 3718 5530; ppageno 0'>
   <div class='ocr_carea' id='block_1_1' title="bbox 609 523 1541 596">
    <p class='ocr_par' dir='ltr' id='par_1_1' title="bbox 609 523 1541 596">
     <span class='ocr_line' id='line_1_1' title="bbox 609 523 1541 596; baseline 0.015 -18"><span class='ocrx_word' id='word_1_1' title='bbox 609 523 749 580; x_wconf 69' lang='lat' dir='ltr'><strong><em>stromata</em></strong></span> <span class='ocrx_word' id='word_1_2' title='bbox 768 525 798 580; x_wconf 72' lang='lat' dir='ltr'><strong><em>V.</em></strong></span> <span class='ocrx_word' id='word_1_3' title='bbox 823 525 887 596; x_wconf 70' lang='lat' dir='ltr'>Cup.</span> <span class='ocrx_word' id='word_1_4' title='bbox 902 523 972 578; x_wconf 87' lang='lat' dir='ltr'><strong>Vlll.</strong></span> <span class='ocrx_word' id='word_1_5' title='bbox 991 525 1032 588; x_wconf 75' lang='lat'><strong><em>52,</em></strong></span> <span class='ocrx_word' id='word_1_6' title='bbox 1045 525 1136 590; x_wconf 81' lang='grc' dir='ltr'><strong><em>ό-όό,</em></strong></span> <span class='ocrx_word' id='word_1_7' title='bbox 1148 525 1174 578; x_wconf 78' lang='grc' dir='ltr'><strong><em>ό.</em></strong></span> <span class='ocrx_word' id='word_1_8' title='bbox 1480 529 1541 592; x_wconf 84' lang='grc'><strong><em>363</em></strong></span> 
     </span>
    </p>
   </div>
   <div class='ocr_carea' id='block_1_2' title="bbox 182 679 1676 2785">
    <p class='ocr_par' dir='ltr' id='par_1_2' title="bbox 233 679 1543 1078">
     <span class='ocr_line' id='line_1_2' title="bbox 234 679 1541 776; baseline -0.001 -18"><span class='ocrx_word' id='word_1_9' title='bbox 234 679 296 758; x_wconf 87' lang='grc' dir='ltr'><strong><em>οόν</em></strong></span> <span class='ocrx_word' id='word_1_10' title='bbox 317 681 363 776; x_wconf 92' lang='grc' dir='ltr'><strong><em>μή</em></strong></span> <span class='ocrx_word' id='word_1_11' title='bbox 387 713 439 768; x_wconf 90' lang='grc' dir='ltr'><strong><em>τις</em></strong></span> <span class='ocrx_word' id='word_1_12' title='bbox 460 685 606 772; x_wconf 85' lang='grc' dir='ltr'><strong><em>τούτων,</em></strong></span> <span class='ocrx_word' id='word_1_13' title='bbox 633 689 791 776; x_wconf 86' lang='grc' dir='ltr'><strong><em>ἐμπεσῶν</em></strong></span> <span class='ocrx_word' id='word_1_14' title='bbox 813 691 860 768; x_wconf 87' lang='grc' dir='ltr'><strong><em>είς</em></strong></span> <span class='ocrx_word' id='word_1_15' title='bbox 882 685 947 776; x_wconf 90' lang='grc' dir='ltr'><strong><em>τήν</em></strong></span> <span class='ocrx_word' id='word_1_16' title='bbox 966 683 1034 758; x_wconf 86' lang='grc' dir='ltr'><strong><em>ύπό</em></strong></span> <span class='ocrx_word' id='word_1_17' title='bbox 1056 693 1118 759; x_wconf 85' lang='grc' dir='ltr'><strong><em>σοῦ</em></strong></span> <span class='ocrx_word' id='word_1_18' title='bbox 1140 691 1382 776; x_wconf 74' lang='grc' dir='ltr'><strong><em>διδασκομένην</em></strong></span> <span class='ocrx_word' id='word_1_19' title='bbox 1404 691 1541 774; x_wconf 89' lang='grc' dir='ltr'><strong><em>γνῶσιν,</em></strong></span> 
     </span>
     <span class='ocr_line' id='line_1_3' title="bbox 233 783 1541 878; baseline -0.003 -19"><span class='ocrx_word' id='word_1_20' title='bbox 233 785 438 876; x_wconf 90' lang='grc' dir='ltr'><strong><em>ἀκρ&lt;ο&gt;ατής</em></strong></span> <span class='ocrx_word' id='word_1_21' title='bbox 467 783 646 878; x_wconf 82' lang='grc' dir='ltr'><strong><em>γενόμενος</em></strong></span> <span class='ocrx_word' id='word_1_22' title='bbox 677 793 739 876; x_wconf 84' lang='grc' dir='ltr'><strong><em>τῆς</em></strong></span> <span class='ocrx_word' id='word_1_23' title='bbox 769 784 945 876; x_wconf 74' lang='grc' dir='ltr'><strong><em>ἀληθείας,</em></strong></span> <span class='ocrx_word' id='word_1_24' title='bbox 975 783 1173 876; x_wconf 72' lang='grc' dir='ltr'><strong><em>παρακούσῃ</em></strong></span> <span class='ocrx_word' id='word_1_25' title='bbox 1204 815 1241 858; x_wconf 92' lang='grc' dir='ltr'><strong><em>τε</em></strong></span> <span class='ocrx_word' id='word_1_26' title='bbox 1271 791 1327 858; x_wconf 87' lang='grc' dir='ltr'><strong><em>καί</em></strong></span> <span class='ocrx_word' id='word_1_27' title='bbox 1353 793 1541 874; x_wconf 82' lang='grc' dir='ltr'><strong><em>παραπέσρ,</em></strong></span> 
     </span>
     <span class='ocr_line' id='line_1_4' title="bbox 233 883 1543 978; baseline -0.002 -20"><span class='ocrx_word' id='word_1_28' title='bbox 233 883 396 976; x_wconf 89' lang='grc' dir='ltr'><strong><em>ἀσφαλής,</em></strong></span> <span class='ocrx_word' id='word_1_29' title='bbox 420 892 511 974; x_wconf 89' lang='grc' dir='ltr'><strong><em>φησί,</em></strong></span> <span class='ocrx_word' id='word_1_30' title='bbox 533 893 611 975; x_wconf 84' lang='grc' dir='ltr'><strong><em>περί</em></strong></span> <span class='ocrx_word' id='word_1_31' title='bbox 634 885 698 976; x_wconf 88' lang='grc' dir='ltr'><strong><em>τήν</em></strong></span> <span class='ocrx_word' id='word_1_32' title='bbox 718 893 839 978; x_wconf 78' lang='grc' dir='ltr'><strong><em>χρῆσιν</em></strong></span> <span class='ocrx_word' id='word_1_33' title='bbox 860 895 922 958; x_wconf 86' lang='grc' dir='ltr'><strong><em>τοῦ</em></strong></span> <span class='ocrx_word' id='word_1_34' title='bbox 944 885 1051 976; x_wconf 82' lang='grc' dir='ltr'><strong><em>λόγου</em></strong></span> <span class='ocrx_word' id='word_1_35' title='bbox 1072 893 1177 974; x_wconf 93' lang='grc' dir='ltr'><strong><em>γίνου,</em></strong></span> <span class='ocrx_word' id='word_1_36' title='bbox 1200 893 1254 958; x_wconf 82' lang='grc' dir='ltr'><strong><em>καί</em></strong></span> <span class='ocrx_word' id='word_1_37' title='bbox 1276 883 1363 972; x_wconf 86' lang='grc' dir='ltr'><strong><em>πρὸς</em></strong></span> <span class='ocrx_word' id='word_1_38' title='bbox 1384 883 1543 974; x_wconf 79' lang='grc' dir='ltr'><strong><em>μὲντοὺς</em></strong></span> 
     </span>
     <span class='ocr_line' id='line_1_5' title="bbox 235 979 1542 1078; baseline 0 -22"><span class='ocrx_word' id='word_1_39' title='bbox 235 981 370 1074; x_wconf 90' lang='grc' dir='ltr'><strong><em>ἀλόγως</em></strong></span> <span class='ocrx_word' id='word_1_40' title='bbox 397 981 605 1074; x_wconf 89' lang='grc' dir='ltr'><strong><em>προσιόντας</em></strong></span> <span class='ocrx_word' id='word_1_41' title='bbox 631 979 790 1060; x_wconf 75' lang='grc' dir='ltr'><strong><em>ἀπόκλειε</em></strong></span> <span class='ocrx_word' id='word_1_42' title='bbox 816 987 881 1078; x_wconf 89' lang='grc' dir='ltr'><strong><em>τήν</em></strong></span> <span class='ocrx_word' id='word_1_43' title='bbox 907 993 1019 1074; x_wconf 77' lang='grc' dir='ltr'><strong><em>ζῶσαν</em></strong></span> <span class='ocrx_word' id='word_1_44' title='bbox 1041 991 1079 1058; x_wconf 92' lang='grc' dir='ltr'><strong><em>ἐν</em></strong></span> <span class='ocrx_word' id='word_1_45' title='bbox 1099 981 1198 1074; x_wconf 85' lang='grc' dir='ltr'><strong><em>βάθει</em></strong></span> <span class='ocrx_word' id='word_1_46' title='bbox 1219 982 1341 1076; x_wconf 88' lang='grc' dir='ltr'><strong><em>πηγήν,</em></strong></span> <span class='ocrx_word' id='word_1_47' title='bbox 1372 983 1485 1058; x_wconf 89' lang='grc' dir='ltr'><strong><em>ποτὸν</em></strong></span> <span class='ocrx_word' id='word_1_48' title='bbox 1507 989 1542 1056; x_wconf 81' lang='grc' dir='ltr'><strong><em>δέ</em></strong></span> 
     </span>
    </p>

    <p class='ocr_par' dir='ltr' id='par_1_3' title="bbox 200 1077 1676 1574">
     <span class='ocr_line' id='line_1_6' title="bbox 200 1077 1579 1178; baseline -0.001 -26"><span class='ocrx_word' id='word_1_49' title='bbox 200 1079 329 1174; x_wconf 78' lang='grc' dir='ltr'><strong><em>ῠόρεγε</em></strong></span> <span class='ocrx_word' id='word_1_50' title='bbox 359 1104 432 1168; x_wconf 75' lang='grc' dir='ltr'><strong><em>τοῖς</em></strong></span> <span class='ocrx_word' id='word_1_51' title='bbox 459 1091 520 1176; x_wconf 88' lang='grc' dir='ltr'><strong><em>τής</em></strong></span> <span class='ocrx_word' id='word_1_52' title='bbox 546 1081 707 1176; x_wconf 92' lang='grc' dir='ltr'><strong><em>ἀληθείας</em></strong></span> <span class='ocrx_word' id='word_1_53' title='bbox 733 1083 958 1178; x_wconf 78' lang='grc' dir='ltr'><strong><em>δεδιψηκόσιν.</em></strong></span> <span class='ocrx_word' id='word_1_54' title='bbox 1002 1083 1293 1176; x_wconf 76' lang='grc' dir='ltr'><strong><em>ἐπικρυπτόμενος</em></strong></span> <span class='ocrx_word' id='word_1_55' title='bbox 1314 1081 1347 1156; x_wconf 83' lang='grc' dir='ltr'><strong><em>δ’</em></strong></span> <span class='ocrx_word' id='word_1_56' title='bbox 1371 1077 1434 1156; x_wconf 84' lang='grc' dir='ltr'><strong><em>οὖν</em></strong></span> <span class='ocrx_word' id='word_1_57' title='bbox 1455 1081 1579 1172; x_wconf 76' lang='grc' dir='ltr'><strong><em>πρδςσ</em></strong></span> 
     </span>
     <span class='ocr_line' id='line_1_7' title="bbox 236 1177 1538 1276; baseline 0.001 -22"><span class='ocrx_word' id='word_1_58' title='bbox 236 1185 316 1266; x_wconf 83' lang='grc' dir='ltr'><strong><em>τούς</em></strong></span> <span class='ocrx_word' id='word_1_59' title='bbox 347 1181 409 1273; x_wconf 86' lang='grc' dir='ltr'><strong><em>ούγ</em></strong></span> <span class='ocrx_word' id='word_1_60' title='bbox 439 1189 532 1268; x_wconf 86' lang='grc' dir='ltr'><strong><em>οίους</em></strong></span> <span class='ocrx_word' id='word_1_61' title='bbox 563 1213 599 1256; x_wconf 90' lang='grc' dir='ltr'><strong><em>τε</em></strong></span> <span class='ocrx_word' id='word_1_62' title='bbox 631 1177 736 1270; x_wconf 88' lang='grc' dir='ltr'><strong><em>ὄντας</em></strong></span> <span class='ocrx_word' id='word_1_63' title='bbox 765 1192 1018 1276; x_wconf 76' lang='grc' dir='ltr'><strong><em>παραδέξασθαι</em></strong></span> <span class='ocrx_word' id='word_1_64' title='bbox 1049 1184 1090 1258; x_wconf 86' lang='grc' dir='ltr'><strong><em>τό</em></strong></span> <span class='ocrx_word' id='word_1_65' title='bbox 1125 1181 1251 1270; x_wconf 73' lang='grc' dir='ltr'><strong><em>»βάθος</em></strong></span> <span class='ocrx_word' id='word_1_66' title='bbox 1276 1191 1338 1274; x_wconf 83' lang='grc' dir='ltr'><strong><em>τῆς</em></strong></span> <span class='ocrx_word' id='word_1_67' title='bbox 1364 1183 1538 1274; x_wconf 81' lang='grc' dir='ltr'><strong><em>γνῶσεωςι</em></strong></span> 
     </span>
     <span class='ocr_line' id='line_1_8' title="bbox 234 1277 1676 1374; baseline 0 -20"><span class='ocrx_word' id='word_1_68' title='bbox 234 1313 276 1356; x_wconf 89' lang='grc' dir='ltr'><strong><em>κα</em></strong></span> <span class='ocrx_word' id='word_1_69' title='bbox 290 1281 484 1356; x_wconf 90' lang='grc' dir='ltr'><strong><em>τακάλυπτε</em></strong></span> <span class='ocrx_word' id='word_1_70' title='bbox 514 1283 579 1356; x_wconf 88' lang='grc' dir='ltr'><strong><em>τὸν</em></strong></span> <span class='ocrx_word' id='word_1_71' title='bbox 605 1281 744 1358; x_wconf 88' lang='grc' dir='ltr'><strong><em>λάκκον.</em></strong></span> <span class='ocrx_word' id='word_1_72' title='bbox 786 1280 805 1356; x_wconf 86' lang='grc' dir='ltr'>ὁ</span> <span class='ocrx_word' id='word_1_73' title='bbox 828 1283 944 1374; x_wconf 86' lang='grc' dir='ltr'><strong><em>κύριος</em></strong></span> <span class='ocrx_word' id='word_1_74' title='bbox 970 1277 1032 1356; x_wconf 88' lang='grc' dir='ltr'><strong><em>ούν</em></strong></span> <span class='ocrx_word' id='word_1_75' title='bbox 1054 1290 1117 1356; x_wconf 86' lang='grc' dir='ltr'><strong><em>τοῦ</em></strong></span> <span class='ocrx_word' id='word_1_76' title='bbox 1139 1281 1279 1369; x_wconf 80' lang='grc' dir='ltr'><strong><em>λάκκου,</em></strong></span> <span class='ocrx_word' id='word_1_77' title='bbox 1310 1279 1330 1357; x_wconf 86' lang='grc' dir='ltr'><strong><em>ό</em></strong></span> <span class='ocrx_word' id='word_1_78' title='bbox 1353 1281 1540 1374; x_wconf 89' lang='grc' dir='ltr'><strong><em>γνωστικός</em></strong></span> <span class='ocrx_word' id='word_1_79' title='bbox 1558 1297 1576 1354; x_wconf 81' lang='grc'><strong>4</strong></span> <span class='ocrx_word' id='word_1_80' title='bbox 1595 1297 1676 1356; x_wconf 73' lang='grc' dir='ltr'><strong><em>24όὸ</em></strong></span> 
     </span>
     <span class='ocr_line' id='line_1_9' title="bbox 236 1379 1542 1476; baseline 0.002 -22"><span class='ocrx_word' id='word_1_81' title='bbox 236 1379 348 1466; x_wconf 86' lang='grc' dir='ltr'><strong><em>αύτός,</em></strong></span> <span class='ocrx_word' id='word_1_82' title='bbox 372 1380 631 1473; x_wconf 77' lang='grc' dir='ltr'><strong><em>ζημιωθήσεται,</em></strong></span> <span class='ocrx_word' id='word_1_83' title='bbox 655 1393 745 1474; x_wconf 87' lang='grc' dir='ltr'><strong><em>φησί,</em></strong></span> <span class='ocrx_word' id='word_1_84' title='bbox 769 1385 833 1476; x_wconf 87' lang='grc' dir='ltr'><strong><em>τήν</em></strong></span> <span class='ocrx_word' id='word_1_85' title='bbox 855 1391 968 1456; x_wconf 90' lang='grc' dir='ltr'><strong><em>αίτίαν</em></strong></span> <span class='ocrx_word' id='word_1_86' title='bbox 988 1381 1126 1474; x_wconf 78' lang='grc' dir='ltr'><strong><em>ἀπέχων</em></strong></span> <span class='ocrx_word' id='word_1_87' title='bbox 1149 1390 1211 1458; x_wconf 86' lang='grc' dir='ltr'><strong><em>τοῦ</em></strong></span> <span class='ocrx_word' id='word_1_88' title='bbox 1233 1389 1542 1466; x_wconf 86' lang='grc' dir='ltr'><strong><em>σκανδαλισθίντος</em></strong></span> 
     </span>
     <span class='ocr_line' id='line_1_10' title="bbox 235 1477 1541 1574; baseline 0.003 -22"><span class='ocrx_word' id='word_1_89' title='bbox 235 1479 313 1572; x_wconf 84' lang='grc' dir='ltr'><strong><em>ήτοι</em></strong></span> <span class='ocrx_word' id='word_1_90' title='bbox 335 1489 598 1566; x_wconf 77' lang='grc' dir='ltr'><strong><em>καταποθέντος</em></strong></span> <span class='ocrx_word' id='word_1_91' title='bbox 621 1491 672 1572; x_wconf 82' lang='grc' dir='ltr'><strong><em>τῷ</em></strong></span> <span class='ocrx_word' id='word_1_92' title='bbox 694 1489 827 1574; x_wconf 77' lang='grc' dir='ltr'><strong><em>μεγέθει</em></strong></span> <span class='ocrx_word' id='word_1_93' title='bbox 849 1489 912 1556; x_wconf 85' lang='grc' dir='ltr'><strong><em>τοῦ</em></strong></span> <span class='ocrx_word' id='word_1_94' title='bbox 934 1479 1052 1574; x_wconf 89' lang='grc' dir='ltr'><strong><em>λόγου,</em></strong></span> <span class='ocrx_word' id='word_1_95' title='bbox 1082 1481 1288 1574; x_wconf 86' lang='grc' dir='ltr'><strong><em>μικρολόγον</em></strong></span> <span class='ocrx_word' id='word_1_96' title='bbox 1309 1489 1360 1556; x_wconf 83' lang='grc' dir='ltr'><strong><em>ἔτι</em></strong></span> <span class='ocrx_word' id='word_1_97' title='bbox 1381 1477 1497 1568; x_wconf 86' lang='grc' dir='ltr'><strong><em>ὄντος,</em></strong></span> <span class='ocrx_word' id='word_1_98' title='bbox 1520 1477 1541 1572; x_wconf 77' lang='grc' dir='ltr'><em>ἢ</em></span> 
     </span>
    </p>

    <p class='ocr_par' dir='ltr' id='par_1_4' title="bbox 182 1579 1644 1873">
     <span class='ocr_line' id='line_1_11' title="bbox 182 1579 1644 1674; baseline 0.001 -24"><span class='ocrx_word' id='word_1_99' title='bbox 182 1597 217 1652; x_wconf 88' lang='lat'><strong><em>10</em></strong></span> <span class='ocrx_word' id='word_1_100' title='bbox 234 1579 458 1672; x_wconf 84' lang='grc' dir='ltr'><strong><em>μετακινήσας</em></strong></span> <span class='ocrx_word' id='word_1_101' title='bbox 486 1581 549 1654; x_wconf 88' lang='grc' dir='ltr'><strong><em>τόν</em></strong></span> <span class='ocrx_word' id='word_1_102' title='bbox 574 1579 720 1672; x_wconf 78' lang='grc' dir='ltr'><strong><em>ἐργάτην</em></strong></span> <span class='ocrx_word' id='word_1_103' title='bbox 745 1587 801 1656; x_wconf 84' lang='grc' dir='ltr'><strong><em>ἐπί</em></strong></span> <span class='ocrx_word' id='word_1_104' title='bbox 823 1583 889 1674; x_wconf 85' lang='grc' dir='ltr'><strong><em>τήν</em></strong></span> <span class='ocrx_word' id='word_1_105' title='bbox 910 1589 1071 1672; x_wconf 85' lang='grc' dir='ltr'><strong><em>θεωρίαν</em></strong></span> <span class='ocrx_word' id='word_1_106' title='bbox 1092 1591 1147 1655; x_wconf 88' lang='grc' dir='ltr'><strong><em>καί</em></strong></span> <span class='ocrx_word' id='word_1_107' title='bbox 1170 1579 1364 1673; x_wconf 84' lang='grc' dir='ltr'><strong><em>ἀποστήσας</em></strong></span> <span class='ocrx_word' id='word_1_108' title='bbox 1385 1583 1440 1656; x_wconf 84' lang='grc' dir='ltr'><strong><em>διά</em></strong></span> <span class='ocrx_word' id='word_1_109' title='bbox 1461 1611 1541 1670; x_wconf 92' lang='grc' dir='ltr'><strong><em>προ·</em></strong></span> <span class='ocrx_word' id='word_1_110' title='bbox 1558 1597 1644 1656; x_wconf 64' lang='grc'><strong><em>6791)</em></strong></span> 
     </span>
     <span class='ocr_line' id='line_1_12' title="bbox 235 1677 1543 1774; baseline 0.001 -21"><span class='ocrx_word' id='word_1_111' title='bbox 235 1679 371 1770; x_wconf 82' lang='grc' dir='ltr'><strong><em>φάσεως</em></strong></span> <span class='ocrx_word' id='word_1_112' title='bbox 398 1687 459 1772; x_wconf 88' lang='grc' dir='ltr'><strong><em>τής</em></strong></span> <span class='ocrx_word' id='word_1_113' title='bbox 484 1679 703 1770; x_wconf 76' lang='grc' dir='ltr'><strong><em>αὐτοσχεδίου</em></strong></span> <span class='ocrx_word' id='word_1_114' title='bbox 727 1691 883 1768; x_wconf 89' lang='grc' dir='ltr'><strong><em>πίστεως.</em></strong></span> <span class='ocrx_word' id='word_1_115' title='bbox 930 1677 1110 1774; x_wconf 75' lang='grc' dir='ltr'><strong><em>»ἀργύριον</em></strong></span> <span class='ocrx_word' id='word_1_116' title='bbox 1131 1687 1166 1754; x_wconf 78' lang='grc' dir='ltr'><strong><em>δὲ</em></strong></span> <span class='ocrx_word' id='word_1_117' title='bbox 1189 1683 1319 1768; x_wconf 79' lang='grc' dir='ltr'><strong><em>δῶοειε,</em></strong></span> <span class='ocrx_word' id='word_1_118' title='bbox 1342 1689 1393 1772; x_wconf 83' lang='grc' dir='ltr'><strong><em>τῷ</em></strong></span> <span class='ocrx_word' id='word_1_119' title='bbox 1415 1711 1543 1756; x_wconf 90' lang='grc' dir='ltr'><strong><em>παντο·</em></strong></span> 
     </span>
     <span class='ocr_line' id='line_1_13' title="bbox 233 1777 1178 1873; baseline 0.004 -23"><span class='ocrx_word' id='word_1_120' title='bbox 233 1785 429 1870; x_wconf 84' lang='grc' dir='ltr'><strong><em>κρατορικῷ</em></strong></span> <span class='ocrx_word' id='word_1_121' title='bbox 449 1777 640 1872; x_wconf 78' lang='grc' dir='ltr'><strong><em>βουλήματι</em></strong></span> <span class='ocrx_word' id='word_1_122' title='bbox 661 1779 797 1872; x_wconf 80' lang='grc' dir='ltr'><strong><em>όπέγων</em></strong></span> <span class='ocrx_word' id='word_1_123' title='bbox 820 1779 925 1873; x_wconf 90' lang='grc' dir='ltr'><strong><em>λόγον</em></strong></span> <span class='ocrx_word' id='word_1_124' title='bbox 945 1792 1001 1856; x_wconf 90' lang='grc' dir='ltr'><strong><em>καί</em></strong></span> <span class='ocrx_word' id='word_1_125' title='bbox 1023 1779 1178 1866; x_wconf 86' lang='grc' dir='ltr'><strong><em>εύθύνας.</em></strong></span> 
     </span>
    </p>

    <p class='ocr_par' dir='ltr' id='par_1_5' title="bbox 319 1887 1638 1988">
     <span class='ocr_line' id='line_1_14' title="bbox 319 1887 1638 1988; baseline 0.005 -20"><span class='ocrx_word' id='word_1_126' title='bbox 319 1887 428 1980; x_wconf 78' lang='grc' dir='ltr'><strong><em>Οὗτος</em></strong></span> <span class='ocrx_word' id='word_1_127' title='bbox 449 1903 511 1988; x_wconf 84' lang='grc' dir='ltr'><strong><em>μέν</em></strong></span> <span class='ocrx_word' id='word_1_128' title='bbox 533 1889 595 1970; x_wconf 81' lang='grc' dir='ltr'><strong><em>οὖν</em></strong></span> <span class='ocrx_word' id='word_1_129' title='bbox 617 1893 636 1970; x_wconf 89' lang='grc' dir='ltr'><strong><em>ό</em></strong></span> <span class='ocrx_word' id='word_1_130' title='bbox 658 1897 767 1983; x_wconf 88' lang='grc' dir='ltr'><strong><em>τύπος</em></strong></span> <span class='ocrx_word' id='word_1_131' title='bbox 790 1897 896 1988; x_wconf 92' lang='grc' dir='ltr'><strong><em>νόμου</em></strong></span> <span class='ocrx_word' id='word_1_132' title='bbox 917 1907 973 1972; x_wconf 84' lang='grc' dir='ltr'><strong><em>καί</em></strong></span> <span class='ocrx_word' id='word_1_133' title='bbox 995 1905 1191 1988; x_wconf 83' lang='grc' dir='ltr'><strong><em>προφητῶν</em></strong></span> <span class='ocrx_word' id='word_1_134' title='bbox 1211 1893 1358 1988; x_wconf 83' lang='grc' dir='ltr'><strong><em>όμέγρις</em></strong></span> <span class='ocrx_word' id='word_1_135' title='bbox 1372 1893 1543 1972; x_wconf 85' lang='grc' dir='ltr'><strong><em>Ἰωάννου·</em></strong></span> <span class='ocrx_word' id='word_1_136' title='bbox 1561 1917 1638 1984; x_wconf 57' lang='lat' dir='ltr'><strong><em>“A</em></strong></span> 
     </span>
    </p>

    <p class='ocr_par' dir='ltr' id='par_1_6' title="bbox 234 1991 1544 2090">
     <span class='ocr_line' id='line_1_15' title="bbox 234 1991 1544 2090; baseline 0.002 -24"><span class='ocrx_word' id='word_1_137' title='bbox 234 1991 253 2066; x_wconf 80' lang='grc' dir='ltr'><strong><em>ό</em></strong></span> <span class='ocrx_word' id='word_1_138' title='bbox 276 2001 322 2077; x_wconf 79' lang='grc' dir='ltr'><strong><em>δι’,</em></strong></span> <span class='ocrx_word' id='word_1_139' title='bbox 344 2003 459 2068; x_wconf 88' lang='grc' dir='ltr'><strong><em>καίτοι</em></strong></span> <span class='ocrx_word' id='word_1_140' title='bbox 480 1997 726 2086; x_wconf 78' lang='grc' dir='ltr'><strong><em>φανερώτερον</em></strong></span> <span class='ocrx_word' id='word_1_141' title='bbox 748 1997 897 2090; x_wconf 87' lang='grc' dir='ltr'><strong><em>λαλήσας</em></strong></span> <span class='ocrx_word' id='word_1_142' title='bbox 920 1995 968 2083; x_wconf 90' lang='grc' dir='ltr'><strong><em>ῶς</em></strong></span> <span class='ocrx_word' id='word_1_143' title='bbox 990 1995 1033 2072; x_wconf 80' lang='grc' dir='ltr'><strong><em>ἀν</em></strong></span> <span class='ocrx_word' id='word_1_144' title='bbox 1054 2004 1174 2088; x_wconf 81' lang='grc' dir='ltr'><strong><em>μηκέτι</em></strong></span> <span class='ocrx_word' id='word_1_145' title='bbox 1194 1995 1434 2088; x_wconf 89' lang='grc' dir='ltr'><strong><em>προφητεύων,</em></strong></span> <span class='ocrx_word' id='word_1_146' title='bbox 1456 1991 1544 2069; x_wconf 81' lang='grc' dir='ltr'><strong><em>ἀλλὰ</em></strong></span> 
     </span>
    </p>

    <p class='ocr_par' dir='ltr' id='par_1_7' title="bbox 185 2093 1580 2586">
     <span class='ocr_line' id='line_1_16' title="bbox 185 2093 1543 2188; baseline -0.003 -18"><span class='ocrx_word' id='word_1_147' title='bbox 185 2117 216 2170; x_wconf 77' lang='grc'><strong><em>15</em></strong></span> <span class='ocrx_word' id='word_1_148' title='bbox 234 2093 402 2168; x_wconf 83' lang='grc' dir='ltr'><strong><em>δεικνύων</em></strong></span> <span class='ocrx_word' id='word_1_149' title='bbox 433 2093 497 2186; x_wconf 86' lang='grc' dir='ltr'><strong><em>ήδη</em></strong></span> <span class='ocrx_word' id='word_1_150' title='bbox 527 2093 683 2184; x_wconf 85' lang='grc' dir='ltr'><strong><em>παρόντα</em></strong></span> <span class='ocrx_word' id='word_1_151' title='bbox 710 2097 773 2170; x_wconf 90' lang='grc' dir='ltr'><strong><em>τόν</em></strong></span> <span class='ocrx_word' id='word_1_152' title='bbox 798 2101 834 2186; x_wconf 78' lang='grc' dir='ltr'><strong><em>ἐξ</em></strong></span> <span class='ocrx_word' id='word_1_153' title='bbox 862 2096 963 2188; x_wconf 80' lang='grc' dir='ltr'><strong><em>ἀρχῆς</em></strong></span> <span class='ocrx_word' id='word_1_154' title='bbox 984 2094 1301 2188; x_wconf 87' lang='grc' dir='ltr'><strong><em>καταγγελλὸμενυν</em></strong></span> <span class='ocrx_word' id='word_1_155' title='bbox 1323 2103 1543 2186; x_wconf 80' lang='grc' dir='ltr'><strong><em>συμβολικῶς,</em></strong></span> 
     </span>
     <span class='ocr_line' id='line_1_17' title="bbox 235 2189 1544 2288; baseline 0.002 -22"><span class='ocrx_word' id='word_1_156' title='bbox 235 2191 329 2285; x_wconf 78' lang='grc' dir='ltr'><strong><em>ὅμως</em></strong></span> <span class='ocrx_word' id='word_1_157' title='bbox 363 2189 443 2268; x_wconf 79' lang='grc' dir='ltr'><strong><em>»ούκ</em></strong></span> <span class='ocrx_word' id='word_1_158' title='bbox 473 2201 557 2284; x_wconf 79' lang='grc' dir='ltr'><strong><em>είμιι</em></strong></span> <span class='ocrx_word' id='word_1_159' title='bbox 589 2203 693 2286; x_wconf 87' lang='grc' dir='ltr'><strong><em>φησίν</em></strong></span> <span class='ocrx_word' id='word_1_160' title='bbox 727 2197 838 2284; x_wconf 78' lang='grc' dir='ltr'><strong><em>»ἄξιος</em></strong></span> <span class='ocrx_word' id='word_1_161' title='bbox 868 2198 932 2270; x_wconf 89' lang='grc' dir='ltr'><strong><em>τὸν</em></strong></span> <span class='ocrx_word' id='word_1_162' title='bbox 962 2196 1086 2288; x_wconf 88' lang='grc' dir='ltr'><strong><em>ίμάντα</em></strong></span> <span class='ocrx_word' id='word_1_163' title='bbox 1112 2203 1176 2270; x_wconf 86' lang='grc' dir='ltr'><strong><em>τοῦ</em></strong></span> <span class='ocrx_word' id='word_1_164' title='bbox 1202 2193 1421 2288; x_wconf 87' lang='grc' dir='ltr'><strong><em>ύποόήματος</em></strong></span> <span class='ocrx_word' id='word_1_165' title='bbox 1447 2203 1544 2268; x_wconf 83' lang='grc' dir='ltr'><strong><em>λῦσαι</em></strong></span> 
     </span>
     <span class='ocr_line' id='line_1_18' title="bbox 234 2291 1580 2388; baseline 0.001 -22"><span class='ocrx_word' id='word_1_166' title='bbox 234 2304 386 2384; x_wconf 66' lang='grc' dir='ltr'><strong><em>κυρίους·</em></strong></span> <span class='ocrx_word' id='word_1_167' title='bbox 422 2293 467 2386; x_wconf 90' lang='grc' dir='ltr'><strong><em>μή</em></strong></span> <span class='ocrx_word' id='word_1_168' title='bbox 489 2293 552 2385; x_wconf 85' lang='grc' dir='ltr'><strong><em>γάρ</em></strong></span> <span class='ocrx_word' id='word_1_169' title='bbox 579 2293 672 2383; x_wconf 76' lang='grc' dir='ltr'><strong><em>ἀξιος</em></strong></span> <span class='ocrx_word' id='word_1_170' title='bbox 699 2297 784 2368; x_wconf 85' lang='grc' dir='ltr'><strong><em>είναι</em></strong></span> <span class='ocrx_word' id='word_1_171' title='bbox 806 2291 966 2386; x_wconf 73' lang='grc' dir='ltr'><strong><em>ὁμολογεῖ</em></strong></span> <span class='ocrx_word' id='word_1_172' title='bbox 985 2297 1051 2387; x_wconf 84' lang='grc' dir='ltr'><strong><em>τήν</em></strong></span> <span class='ocrx_word' id='word_1_173' title='bbox 1073 2295 1245 2388; x_wconf 85' lang='grc' dir='ltr'><strong><em>τοσαύτην</em></strong></span> <span class='ocrx_word' id='word_1_174' title='bbox 1265 2305 1425 2382; x_wconf 92' lang='grc' dir='ltr'><strong><em>βαπτίσαι</em></strong></span> <span class='ocrx_word' id='word_1_175' title='bbox 1447 2294 1580 2368; x_wconf 67' lang='grc' dir='ltr'><strong><em>δύνωλ</em></strong></span> 
     </span>
     <span class='ocr_line' id='line_1_19' title="bbox 233 2393 1543 2486; baseline 0.002 -20"><span class='ocrx_word' id='word_1_176' title='bbox 233 2425 304 2486; x_wconf 88' lang='grc' dir='ltr'><strong><em>μιν,</em></strong></span> <span class='ocrx_word' id='word_1_177' title='bbox 336 2401 455 2485; x_wconf 80' lang='grc' dir='ltr'><strong><em>χρῆναι</em></strong></span> <span class='ocrx_word' id='word_1_178' title='bbox 486 2393 550 2484; x_wconf 82' lang='grc' dir='ltr'><strong><em>γάρ</em></strong></span> <span class='ocrx_word' id='word_1_179' title='bbox 582 2393 662 2478; x_wconf 84' lang='grc' dir='ltr'><strong><em>τούς</em></strong></span> <span class='ocrx_word' id='word_1_180' title='bbox 690 2404 1013 2484; x_wconf 85' lang='grc' dir='ltr'><strong><em>καθαροποιοῦντας</em></strong></span> <span class='ocrx_word' id='word_1_181' title='bbox 1040 2393 1202 2468; x_wconf 78' lang='grc' dir='ltr'><strong><em>ἀπολύειν</em></strong></span> <span class='ocrx_word' id='word_1_182' title='bbox 1225 2401 1289 2468; x_wconf 88' lang='grc' dir='ltr'><strong><em>τοῦ</em></strong></span> <span class='ocrx_word' id='word_1_183' title='bbox 1309 2396 1467 2486; x_wconf 80' lang='grc' dir='ltr'><strong><em>σώματος</em></strong></span> <span class='ocrx_word' id='word_1_184' title='bbox 1487 2402 1543 2468; x_wconf 85' lang='grc' dir='ltr'><strong><em>καί</em></strong></span> 
     </span>
     <span class='ocr_line' id='line_1_20' title="bbox 235 2489 1543 2586; baseline 0.002 -21"><span class='ocrx_word' id='word_1_185' title='bbox 235 2502 308 2566; x_wconf 91' lang='grc' dir='ltr'><strong><em>τῶν</em></strong></span> <span class='ocrx_word' id='word_1_186' title='bbox 336 2493 463 2568; x_wconf 88' lang='grc' dir='ltr'><strong><em>τούτου</em></strong></span> <span class='ocrx_word' id='word_1_187' title='bbox 488 2489 744 2584; x_wconf 87' lang='grc' dir='ltr'><strong><em>άμαρτημάτων</em></strong></span> <span class='ocrx_word' id='word_1_188' title='bbox 770 2497 835 2586; x_wconf 84' lang='grc' dir='ltr'><strong><em>τήν</em></strong></span> <span class='ocrx_word' id='word_1_189' title='bbox 860 2495 973 2586; x_wconf 82' lang='grc' dir='ltr'><strong><em>φυγήν</em></strong></span> <span class='ocrx_word' id='word_1_190' title='bbox 994 2493 1110 2584; x_wconf 82' lang='grc' dir='ltr'><strong><em>ῶσπερ</em></strong></span> <span class='ocrx_word' id='word_1_191' title='bbox 1132 2502 1195 2566; x_wconf 86' lang='grc' dir='ltr'><strong><em>τοῦ</em></strong></span> <span class='ocrx_word' id='word_1_192' title='bbox 1216 2499 1338 2582; x_wconf 80' lang='grc' dir='ltr'><strong><em>δεσμοῦ</em></strong></span> <span class='ocrx_word' id='word_1_193' title='bbox 1360 2493 1423 2568; x_wconf 88' lang='grc' dir='ltr'><strong><em>τόν</em></strong></span> <span class='ocrx_word' id='word_1_194' title='bbox 1444 2492 1543 2568; x_wconf 89' lang='grc' dir='ltr'><strong><em>πόδα.</em></strong></span> 
     </span>
    </p>

    <p class='ocr_par' dir='ltr' id='par_1_8' title="bbox 182 2590 1580 2785">
     <span class='ocr_line' id='line_1_21' title="bbox 182 2590 1580 2685; baseline 0.003 -19"><span class='ocrx_word' id='word_1_195' title='bbox 182 2613 216 2666; x_wconf 76' lang='grc' dir='ltr'><strong><em>2ο</em></strong></span> <span class='ocrx_word' id='word_1_196' title='bbox 235 2591 320 2684; x_wconf 82' lang='grc' dir='ltr'><strong><em>τάχα</em></strong></span> <span class='ocrx_word' id='word_1_197' title='bbox 348 2599 384 2666; x_wconf 74' lang='grc' dir='ltr'><strong><em>δὲ</em></strong></span> <span class='ocrx_word' id='word_1_198' title='bbox 410 2601 465 2665; x_wconf 85' lang='grc' dir='ltr'><strong><em>καί</em></strong></span> <span class='ocrx_word' id='word_1_199' title='bbox 492 2593 557 2683; x_wconf 90' lang='grc' dir='ltr'><strong><em>τήν</em></strong></span> <span class='ocrx_word' id='word_1_200' title='bbox 586 2603 786 2666; x_wconf 89' lang='grc' dir='ltr'><strong><em>τελευταίαν</em></strong></span> <span class='ocrx_word' id='word_1_201' title='bbox 812 2601 876 2666; x_wconf 89' lang='grc' dir='ltr'><strong><em>τοῦ</em></strong></span> <span class='ocrx_word' id='word_1_202' title='bbox 902 2601 1059 2685; x_wconf 87' lang='grc' dir='ltr'><strong><em>σωτήρος</em></strong></span> <span class='ocrx_word' id='word_1_203' title='bbox 1085 2599 1132 2677; x_wconf 87' lang='grc' dir='ltr'><strong><em>είς</em></strong></span> <span class='ocrx_word' id='word_1_204' title='bbox 1158 2590 1244 2684; x_wconf 82' lang='grc' dir='ltr'><strong><em>ἡμᾶς</em></strong></span> <span class='ocrx_word' id='word_1_205' title='bbox 1270 2599 1448 2682; x_wconf 76' lang='grc' dir='ltr'><strong><em>ἐνέργειαν,</em></strong></span> <span class='ocrx_word' id='word_1_206' title='bbox 1479 2592 1580 2684; x_wconf 69' lang='grc' dir='ltr'><strong><em>τήνλ</em></strong></span> 
     </span>
     <span class='ocr_line' id='line_1_22' title="bbox 232 2691 1543 2785; baseline 0 -19"><span class='ocrx_word' id='word_1_207' title='bbox 232 2699 391 2784; x_wconf 84' lang='grc' dir='ltr'><strong><em>προσεχῆ,</em></strong></span> <span class='ocrx_word' id='word_1_208' title='bbox 414 2699 511 2782; x_wconf 81' lang='grc' dir='ltr'><strong><em>λέγει.</em></strong></span> <span class='ocrx_word' id='word_1_209' title='bbox 536 2693 599 2782; x_wconf 89' lang='grc' dir='ltr'><strong><em>τήν</em></strong></span> <span class='ocrx_word' id='word_1_210' title='bbox 621 2691 675 2764; x_wconf 86' lang='grc' dir='ltr'><strong><em>διά</em></strong></span> <span class='ocrx_word' id='word_1_211' title='bbox 698 2699 759 2784; x_wconf 81' lang='grc' dir='ltr'><strong><em>τῆς</em></strong></span> <span class='ocrx_word' id='word_1_212' title='bbox 780 2703 973 2784; x_wconf 86' lang='grc' dir='ltr'><strong><em>παρουσίας,</em></strong></span> <span class='ocrx_word' id='word_1_213' title='bbox 995 2697 1291 2785; x_wconf 86' lang='grc' dir='ltr'><strong><em>ἐπικρυπτομένην</em></strong></span> <span class='ocrx_word' id='word_1_214' title='bbox 1313 2701 1363 2784; x_wconf 82' lang='grc' dir='ltr'><strong><em>τῷ</em></strong></span> <span class='ocrx_word' id='word_1_215' title='bbox 1386 2699 1448 2784; x_wconf 84' lang='grc' dir='ltr'><strong><em>τῆς</em></strong></span> <span class='ocrx_word' id='word_1_216' title='bbox 1462 2721 1543 2782; x_wconf 90' lang='grc' dir='ltr'><strong><em>προ·</em></strong></span> 
     </span>
    </p>
   </div>
   <div class='ocr_carea' id='block_1_3' title="bbox 183 2787 1543 3180">
    <p class='ocr_par' dir='ltr' id='par_1_9' title="bbox 234 2787 1543 2885">
     <span class='ocr_line' id='line_1_23' title="bbox 234 2787 1543 2885; baseline -0.002 -19"><span class='ocrx_word' id='word_1_217' title='bbox 234 2801 376 2884; x_wconf 87' lang='grc' dir='ltr'><strong><em>φητιίας</em></strong></span> <span class='ocrx_word' id='word_1_218' title='bbox 398 2799 580 2882; x_wconf 87' lang='grc' dir='ltr'><strong><em>αίνίγματι·</em></strong></span> <span class='ocrx_word' id='word_1_219' title='bbox 603 2787 622 2864; x_wconf 88' lang='grc' dir='ltr'><strong><em>ό</em></strong></span> <span class='ocrx_word' id='word_1_220' title='bbox 638 2793 734 2883; x_wconf 77' lang='grc' dir='ltr'><strong><em>(γὰρ)</em></strong></span> <span class='ocrx_word' id='word_1_221' title='bbox 751 2793 805 2864; x_wconf 88' lang='grc' dir='ltr'><strong><em>διά</em></strong></span> <span class='ocrx_word' id='word_1_222' title='bbox 825 2801 886 2885; x_wconf 83' lang='grc' dir='ltr'><strong><em>τῆς</em></strong></span> <span class='ocrx_word' id='word_1_223' title='bbox 902 2789 1068 2884; x_wconf 77' lang='grc' dir='ltr'><strong><em>αότοφίας</em></strong></span> <span class='ocrx_word' id='word_1_224' title='bbox 1083 2793 1148 2866; x_wconf 87' lang='grc' dir='ltr'><strong><em>τὸν</em></strong></span> <span class='ocrx_word' id='word_1_225' title='bbox 1163 2791 1411 2885; x_wconf 77' lang='grc' dir='ltr'><strong><em>θεσπιςόμενον</em></strong></span> <span class='ocrx_word' id='word_1_226' title='bbox 1425 2799 1543 2882; x_wconf 76' lang='grc' dir='ltr'><strong><em>δείξας,</em></strong></span> 
     </span>
    </p>

    <p class='ocr_par' dir='ltr' id='par_1_10' title="bbox 234 2889 1542 2984">
     <span class='ocr_line' id='line_1_24' title="bbox 234 2889 1542 2984; baseline 0 -20"><span class='ocrx_word' id='word_1_227' title='bbox 234 2893 299 2983; x_wconf 85' lang='grc' dir='ltr'><strong><em>τήν</em></strong></span> <span class='ocrx_word' id='word_1_228' title='bbox 325 2898 372 2976; x_wconf 87' lang='grc' dir='ltr'><strong><em>είς</em></strong></span> <span class='ocrx_word' id='word_1_229' title='bbox 399 2891 550 2980; x_wconf 86' lang='grc' dir='ltr'><strong><em>φανερόν</em></strong></span> <span class='ocrx_word' id='word_1_230' title='bbox 576 2889 764 2980; x_wconf 90' lang='grc' dir='ltr'><strong><em>πόρρωθεν</em></strong></span> <span class='ocrx_word' id='word_1_231' title='bbox 794 2889 978 2966; x_wconf 88' lang='grc' dir='ltr'><strong><em>όδεύουσαν</em></strong></span> <span class='ocrx_word' id='word_1_232' title='bbox 1003 2892 1151 2984; x_wconf 89' lang='grc' dir='ltr'><strong><em>μηνύσας</em></strong></span> <span class='ocrx_word' id='word_1_233' title='bbox 1173 2891 1322 2984; x_wconf 80' lang='grc' dir='ltr'><strong><em>ἥκουσαν</em></strong></span> <span class='ocrx_word' id='word_1_234' title='bbox 1342 2898 1542 2982; x_wconf 88' lang='grc' dir='ltr'><strong><em>παρουσίαν,</em></strong></span> 
     </span>
    </p>

    <p class='ocr_par' dir='ltr' id='par_1_11' title="bbox 183 2987 1542 3180">
     <span class='ocr_line' id='line_1_25' title="bbox 235 2987 1542 3084; baseline 0 -20"><span class='ocrx_word' id='word_1_235' title='bbox 235 2987 348 3076; x_wconf 86' lang='grc' dir='ltr'><strong><em>ὄντως</em></strong></span> <span class='ocrx_word' id='word_1_236' title='bbox 369 2996 487 3066; x_wconf 80' lang='grc' dir='ltr'><strong><em>ἔλυσεν</em></strong></span> <span class='ocrx_word' id='word_1_237' title='bbox 509 2989 550 3062; x_wconf 88' lang='grc' dir='ltr'><strong><em>τό</em></strong></span> <span class='ocrx_word' id='word_1_238' title='bbox 572 2996 675 3079; x_wconf 87' lang='grc' dir='ltr'><strong><em>πέρας</em></strong></span> <span class='ocrx_word' id='word_1_239' title='bbox 696 2999 770 3064; x_wconf 92' lang='grc' dir='ltr'><strong><em>τῶν</em></strong></span> <span class='ocrx_word' id='word_1_240' title='bbox 792 3001 922 3082; x_wconf 87' lang='grc' dir='ltr'><strong><em>λογίων</em></strong></span> <span class='ocrx_word' id='word_1_241' title='bbox 944 2997 1006 3083; x_wconf 89' lang='grc' dir='ltr'><strong><em>τής</em></strong></span> <span class='ocrx_word' id='word_1_242' title='bbox 1028 2999 1232 3084; x_wconf 79' lang='grc' dir='ltr'><strong><em>οἰκονομίας,</em></strong></span> <span class='ocrx_word' id='word_1_243' title='bbox 1264 2991 1456 3080; x_wconf 71' lang='grc' dir='ltr'><strong><em>ἐκκαλύψας</em></strong></span> <span class='ocrx_word' id='word_1_244' title='bbox 1478 2991 1542 3082; x_wconf 88' lang='grc' dir='ltr'><strong><em>τήν</em></strong></span> 
     </span>
     <span class='ocr_line' id='line_1_26' title="bbox 183 3087 678 3180; baseline 0 -18"><span class='ocrx_word' id='word_1_245' title='bbox 183 3109 216 3162; x_wconf 74' lang='grc'><strong><em>25</em></strong></span> <span class='ocrx_word' id='word_1_246' title='bbox 235 3095 373 3164; x_wconf 74' lang='grc' dir='ltr'><strong><em>ἔννοιαν</em></strong></span> <span class='ocrx_word' id='word_1_247' title='bbox 395 3098 469 3162; x_wconf 89' lang='grc' dir='ltr'><strong><em>τῶν</em></strong></span> <span class='ocrx_word' id='word_1_248' title='bbox 491 3087 678 3180; x_wconf 83' lang='grc' dir='ltr'><strong><em>συμβόλων.</em></strong></span> 
     </span>
    </p>
   </div>
   <div class='ocr_carea' id='block_1_4' title="bbox 236 3203 1578 3400">
    <p class='ocr_par' dir='ltr' id='par_1_12' title="bbox 236 3203 1578 3400">
     <span class='ocr_line' id='line_1_27' title="bbox 320 3203 1578 3302; baseline 0.005 -24"><span class='ocrx_word' id='word_1_249' title='bbox 320 3215 384 3279; x_wconf 81' lang='grc' dir='ltr'><strong><em>Καί</em></strong></span> <span class='ocrx_word' id='word_1_250' title='bbox 407 3207 449 3279; x_wconf 86' lang='grc' dir='ltr'><strong><em>τά</em></strong></span> <span class='ocrx_word' id='word_1_251' title='bbox 471 3207 563 3297; x_wconf 85' lang='grc' dir='ltr'><strong><em>παρά</em></strong></span> <span class='ocrx_word' id='word_1_252' title='bbox 576 3203 749 3298; x_wconf 80' lang='grc' dir='ltr'><strong><em>Ῥωμαίοις</em></strong></span> <span class='ocrx_word' id='word_1_253' title='bbox 770 3213 826 3280; x_wconf 87' lang='grc' dir='ltr'><strong><em>ἐπί</em></strong></span> <span class='ocrx_word' id='word_1_254' title='bbox 848 3217 922 3281; x_wconf 90' lang='grc' dir='ltr'><strong><em>τῶν</em></strong></span> <span class='ocrx_word' id='word_1_255' title='bbox 943 3215 1121 3300; x_wconf 84' lang='grc' dir='ltr'><strong><em>διαθηκῶν</em></strong></span> <span class='ocrx_word' id='word_1_256' title='bbox 1136 3207 1296 3302; x_wconf 91' lang='grc' dir='ltr'><strong><em>γινόμενα</em></strong></span> <span class='ocrx_word' id='word_1_257' title='bbox 1311 3205 1409 3295; x_wconf 81' lang='grc' dir='ltr'><strong><em>τάξιν</em></strong></span> <span class='ocrx_word' id='word_1_258' title='bbox 1423 3211 1578 3297; x_wconf 58' lang='lat' dir='ltr'><strong><em>aarum</em></strong></span> 
     </span>
     <span class='ocr_line' id='line_1_28' title="bbox 236 3303 1542 3400; baseline -0.002 -22"><span class='ocrx_word' id='word_1_259' title='bbox 236 3309 278 3380; x_wconf 80' lang='grc' dir='ltr'><strong><em>τά</em></strong></span> <span class='ocrx_word' id='word_1_260' title='bbox 300 3307 354 3380; x_wconf 85' lang='grc' dir='ltr'><strong><em>διά</em></strong></span> <span class='ocrx_word' id='word_1_261' title='bbox 376 3305 593 3398; x_wconf 89' lang='grc' dir='ltr'><strong><em>δικαιοσύνην</em></strong></span> <span class='ocrx_word' id='word_1_262' title='bbox 614 3311 724 3380; x_wconf 75' lang='grc' dir='ltr'><strong><em>ἐκεῖνα</em></strong></span> <span class='ocrx_word' id='word_1_263' title='bbox 746 3307 827 3398; x_wconf 81' lang='grc' dir='ltr'><strong><em>ζυγά</em></strong></span> <span class='ocrx_word' id='word_1_264' title='bbox 848 3315 904 3380; x_wconf 85' lang='grc' dir='ltr'><strong><em>καί</em></strong></span> <span class='ocrx_word' id='word_1_265' title='bbox 926 3303 1067 3398; x_wconf 77' lang='grc' dir='ltr'><strong><em>ἀσσάρια</em></strong></span> <span class='ocrx_word' id='word_1_266' title='bbox 1087 3316 1269 3400; x_wconf 91' lang='grc' dir='ltr'><strong><em>καρπισμοί</em></strong></span> <span class='ocrx_word' id='word_1_267' title='bbox 1291 3337 1327 3380; x_wconf 89' lang='grc' dir='ltr'><strong><em>τε</em></strong></span> <span class='ocrx_word' id='word_1_268' title='bbox 1348 3315 1403 3378; x_wconf 84' lang='grc' dir='ltr'><strong><em>καί</em></strong></span> <span class='ocrx_word' id='word_1_269' title='bbox 1419 3311 1452 3378; x_wconf 90' lang='grc' dir='ltr'><strong><em>αί</em></strong></span> <span class='ocrx_word' id='word_1_270' title='bbox 1468 3315 1542 3380; x_wconf 90' lang='grc' dir='ltr'><strong><em>τῶν</em></strong></span> 
     </span>
    </p>
   </div>
   <div class='ocr_carea' id='block_1_5' title="bbox 234 3541 1543 4460">
    <p class='ocr_par' dir='ltr' id='par_1_13' title="bbox 321 3541 1495 3618">
     <span class='ocr_line' id='line_1_29' title="bbox 321 3541 1495 3618; baseline -0.001 -18"><span class='ocrx_word' id='word_1_271' title='bbox 321 3547 340 3600; x_wconf 81' lang='grc' dir='ltr'><strong><em>ό</em></strong></span> <span class='ocrx_word' id='word_1_272' title='bbox 359 3545 414 3616; x_wconf 78' lang='lat' dir='ltr'>vgl.</span> <span class='ocrx_word' id='word_1_273' title='bbox 431 3545 508 3599; x_wconf 69' lang='lat' dir='ltr'>Rom.</span> <span class='ocrx_word' id='word_1_274' title='bbox 521 3547 561 3608; x_wconf 91' lang='grc'><strong><em>11,</em></strong></span> <span class='ocrx_word' id='word_1_275' title='bbox 574 3545 607 3600; x_wconf 89' lang='grc'><strong><em>33</em></strong></span> <span class='ocrx_word' id='word_1_276' title='bbox 680 3547 717 3600; x_wconf 84' lang='lat'><strong><em>1⁰</em></strong></span> <span class='ocrx_word' id='word_1_277' title='bbox 735 3543 857 3616; x_wconf 81' lang='grc' dir='ltr'><strong><em>ἐργάτην</em></strong></span> <span class='ocrx_word' id='word_1_278' title='bbox 874 3547 926 3600; x_wconf 79' lang='lat' dir='ltr'><strong><em>mit</em></strong></span> <span class='ocrx_word' id='word_1_279' title='bbox 939 3545 1032 3618; x_wconf 77' lang='lat' dir='ltr'><strong>Bezng</strong></span> <span class='ocrx_word' id='word_1_280' title='bbox 1050 3549 1100 3602; x_wconf 73' lang='lat' dir='ltr'><strong><em>auf</em></strong></span> <span class='ocrx_word' id='word_1_281' title='bbox 1114 3550 1182 3617; x_wconf 82' lang='grc' dir='ltr'><strong><em>βοῦς</em></strong></span> <span class='ocrx_word' id='word_1_282' title='bbox 1200 3565 1225 3602; x_wconf 86' lang='lat' dir='ltr'><strong><em>u.</em></strong></span> <span class='ocrx_word' id='word_1_283' title='bbox 1244 3541 1312 3612; x_wconf 84' lang='grc' dir='ltr'><strong><em>δνος</em></strong></span> <span class='ocrx_word' id='word_1_284' title='bbox 1329 3545 1354 3598; x_wconf 89' lang='lat' dir='ltr'><strong><em>S.</em></strong></span> <span class='ocrx_word' id='word_1_285' title='bbox 1367 3547 1425 3608; x_wconf 71' lang='lat'><strong><em>362.</em></strong></span> <span class='ocrx_word' id='word_1_286' title='bbox 1438 3545 1495 3600; x_wconf 83' lang='grc' dir='ltr'><strong><em>2ϋ1</em></strong></span> 
     </span>
    </p>

    <p class='ocr_par' dir='ltr' id='par_1_14' title="bbox 234 3629 1543 4460">
     <span class='ocr_line' id='line_1_30' title="bbox 238 3629 1542 3700; baseline -0.004 -12"><span class='ocrx_word' id='word_1_287' title='bbox 238 3633 271 3688; x_wconf 91' lang='grc'><strong><em>11</em></strong></span> <span class='ocrx_word' id='word_1_288' title='bbox 298 3629 383 3686; x_wconf 78' lang='grc' dir='ltr'><strong><em>Ειοδ.</em></strong></span> <span class='ocrx_word' id='word_1_289' title='bbox 401 3629 500 3694; x_wconf 79' lang='lat'>21,34</span> <span class='ocrx_word' id='word_1_290' title='bbox 599 3629 637 3684; x_wconf 71' lang='lat'><strong><em>18</em></strong></span> <span class='ocrx_word' id='word_1_291' title='bbox 665 3629 719 3700; x_wconf 65' lang='grc' dir='ltr'><strong><em>ταί.</em></strong></span> <span class='ocrx_word' id='word_1_292' title='bbox 742 3630 970 3698; x_wconf 74' lang='lat' dir='ltr'>Matth.11‚13;</span> <span class='ocrx_word' id='word_1_293' title='bbox 993 3631 1061 3686; x_wconf 75' lang='lat' dir='ltr'><strong>Luk.</strong></span> <span class='ocrx_word' id='word_1_294' title='bbox 1082 3633 1127 3698; x_wconf 82' lang='grc'><strong><em>16,</em></strong></span> <span class='ocrx_word' id='word_1_295' title='bbox 1146 3635 1178 3688; x_wconf 79' lang='grc'><strong><em>111</em></strong></span> <span class='ocrx_word' id='word_1_296' title='bbox 1277 3631 1340 3687; x_wconf 79' lang='grc' dir='ltr'><strong><em>Ῑδί</em></strong></span> <span class='ocrx_word' id='word_1_297' title='bbox 1365 3629 1451 3684; x_wconf 69' lang='grc' dir='ltr'><strong><em>Ματὶ.</em></strong></span> <span class='ocrx_word' id='word_1_298' title='bbox 1472 3633 1495 3694; x_wconf 94' lang='grc'><strong><em>1,</em></strong></span> <span class='ocrx_word' id='word_1_299' title='bbox 1514 3631 1542 3694; x_wconf 74' lang='grc' dir='ltr'><strong><em>ῖς</em></strong></span> 
     </span>
     <span class='ocr_line' id='line_1_31' title="bbox 239 3713 1543 3786; baseline -0.002 -16"><span class='ocrx_word' id='word_1_300' title='bbox 239 3715 303 3770; x_wconf 72' lang='lat' dir='ltr'>Luk.</span> <span class='ocrx_word' id='word_1_301' title='bbox 323 3717 347 3778; x_wconf 81' lang='lat'><strong><em>3,</em></strong></span> <span class='ocrx_word' id='word_1_302' title='bbox 368 3715 411 3778; x_wconf 69' lang='lat'><strong><em>103</em></strong></span> <span class='ocrx_word' id='word_1_303' title='bbox 433 3713 495 3770; x_wconf 86' lang='lat' dir='ltr'>Joh.</span> <span class='ocrx_word' id='word_1_304' title='bbox 515 3717 537 3780; x_wconf 90' lang='lat'><strong><em>1,</em></strong></span> <span class='ocrx_word' id='word_1_305' title='bbox 556 3715 588 3768; x_wconf 67' lang='lat'><strong><em>¹27</em></strong></span> <span class='ocrx_word' id='word_1_306' title='bbox 671 3715 785 3772; x_wconf 72' lang='lat'>17-25</span> <span class='ocrx_word' id='word_1_307' title='bbox 804 3714 858 3784; x_wconf 79' lang='lat' dir='ltr'><strong>vgl.</strong></span> <span class='ocrx_word' id='word_1_308' title='bbox 876 3713 982 3770; x_wconf 73' lang='lat' dir='ltr'>catena</span> <span class='ocrx_word' id='word_1_309' title='bbox 999 3719 1068 3786; x_wconf 77' lang='lat' dir='ltr'><strong>patr.</strong></span> <span class='ocrx_word' id='word_1_310' title='bbox 1087 3733 1175 3784; x_wconf 69' lang='grc' dir='ltr'><strong><em>φταεε.</em></strong></span> <span class='ocrx_word' id='word_1_311' title='bbox 1192 3717 1221 3771; x_wconf 87' lang='lat' dir='ltr'><strong><em>in</em></strong></span> <span class='ocrx_word' id='word_1_312' title='bbox 1238 3733 1336 3784; x_wconf 75' lang='lat' dir='ltr'>evang.</span> <span class='ocrx_word' id='word_1_313' title='bbox 1354 3731 1406 3768; x_wconf 84' lang='grc' dir='ltr'><strong><em>εεα.</em></strong></span> <span class='ocrx_word' id='word_1_314' title='bbox 1419 3713 1543 3768; x_wconf 65' lang='lat' dir='ltr'><strong>Murcum</strong></span> 
     </span>
     <span class='ocr_line' id='line_1_32' title="bbox 236 3793 1543 3872; baseline -0.002 -18"><span class='ocrx_word' id='word_1_315' title='bbox 236 3799 299 3856; x_wconf 84' lang='lat' dir='ltr'>coll.</span> <span class='ocrx_word' id='word_1_316' title='bbox 322 3801 351 3854; x_wconf 81' lang='grc' dir='ltr'><strong><em>είι</em></strong></span> <span class='ocrx_word' id='word_1_317' title='bbox 378 3798 488 3869; x_wconf 73' lang='lat' dir='ltr'><strong><em>interpr.</em></strong></span> <span class='ocrx_word' id='word_1_318' title='bbox 512 3799 542 3852; x_wconf 90' lang='lat' dir='ltr'><strong><em>P.</em></strong></span> <span class='ocrx_word' id='word_1_319' title='bbox 565 3797 677 3854; x_wconf 78' lang='grc' dir='ltr'><strong><em>Ροσεὶτιο</em></strong></span> <span class='ocrx_word' id='word_1_320' title='bbox 704 3817 728 3870; x_wconf 90' lang='lat' dir='ltr'><strong><em>p.</em></strong></span> <span class='ocrx_word' id='word_1_321' title='bbox 748 3801 780 3854; x_wconf 84' lang='grc'><strong><em>13</em></strong></span> <span class='ocrx_word' id='word_1_322' title='bbox 803 3804 847 3860; x_wconf 85' lang='grc' dir='ltr'><strong><em>(τα</em></strong></span> <span class='ocrx_word' id='word_1_323' title='bbox 865 3799 954 3854; x_wconf 80' lang='grc' dir='ltr'><strong><em>ΜατΙτ.</em></strong></span> <span class='ocrx_word' id='word_1_324' title='bbox 973 3803 1000 3866; x_wconf 91' lang='grc'><strong><em>1,</em></strong></span> <span class='ocrx_word' id='word_1_325' title='bbox 1020 3803 1046 3870; x_wconf 79' lang='grc'><strong><em>1)</em></strong></span> <span class='ocrx_word' id='word_1_326' title='bbox 1072 3794 1231 3870; x_wconf 76' lang='grc' dir='ltr'><strong><em>Ἄνωνόμου</em></strong></span> <span class='ocrx_word' id='word_1_327' title='bbox 1259 3801 1354 3856; x_wconf 85' lang='grc' dir='ltr'><strong><em>Βατικ.</em></strong></span> <span class='ocrx_word' id='word_1_328' title='bbox 1381 3793 1468 3872; x_wconf 77' lang='grc' dir='ltr'><strong><em>ἔργον</em></strong></span> <span class='ocrx_word' id='word_1_329' title='bbox 1492 3804 1543 3852; x_wconf 81' lang='grc' dir='ltr'><strong><em>τοῦ</em></strong></span> 
     </span>
     <span class='ocr_line' id='line_1_33' title="bbox 235 3879 1541 3958; baseline -0.002 -19"><span class='ocrx_word' id='word_1_330' title='bbox 235 3885 424 3956; x_wconf 78' lang='grc' dir='ltr'><strong><em>βαπτίζοντος</em></strong></span> <span class='ocrx_word' id='word_1_331' title='bbox 449 3881 526 3938; x_wconf 84' lang='grc' dir='ltr'><strong><em>λε’·ειν</em></strong></span> <span class='ocrx_word' id='word_1_332' title='bbox 552 3881 602 3938; x_wconf 91' lang='grc' dir='ltr'><strong><em>τόν</em></strong></span> <span class='ocrx_word' id='word_1_333' title='bbox 623 3883 834 3955; x_wconf 87' lang='grc' dir='ltr'><strong><em>βαπτιζόμενον</em></strong></span> <span class='ocrx_word' id='word_1_334' title='bbox 856 3889 914 3940; x_wconf 85' lang='grc' dir='ltr'><strong><em>τῶν</em></strong></span> <span class='ocrx_word' id='word_1_335' title='bbox 936 3879 1085 3958; x_wconf 82' lang='grc' dir='ltr'><strong><em>ἁμαρτιῶν</em></strong></span> <span class='ocrx_word' id='word_1_336' title='bbox 1107 3881 1147 3952; x_wconf 80' lang='grc' dir='ltr'><strong><em>ίυς</em></strong></span> <span class='ocrx_word' id='word_1_337' title='bbox 1169 3887 1242 3942; x_wconf 85' lang='grc' dir='ltr'><strong><em>πόδα</em></strong></span> <span class='ocrx_word' id='word_1_338' title='bbox 1265 3881 1324 3942; x_wconf 81' lang='grc' dir='ltr'><strong><em>ἀπό</em></strong></span> <span class='ocrx_word' id='word_1_339' title='bbox 1346 3879 1541 3952; x_wconf 74' lang='grc' dir='ltr'><strong><em>ὑποδήματος·</em></strong></span> 
     </span>
     <span class='ocr_line' id='line_1_34' title="bbox 235 3959 1543 4043; baseline -0.003 -19"><span class='ocrx_word' id='word_1_340' title='bbox 235 3969 319 4036; x_wconf 85' lang='grc' dir='ltr'><strong><em>φησίν</em></strong></span> <span class='ocrx_word' id='word_1_341' title='bbox 347 3959 398 4024; x_wconf 81' lang='grc' dir='ltr'><strong><em>οὖν</em></strong></span> <span class='ocrx_word' id='word_1_342' title='bbox 424 3963 606 4036; x_wconf 80' lang='grc' dir='ltr'><strong><em>δ’ίινάννης·</em></strong></span> <span class='ocrx_word' id='word_1_343' title='bbox 634 3967 685 4038; x_wconf 76' lang='grc' dir='ltr'><strong><em>οὐχ</em></strong></span> <span class='ocrx_word' id='word_1_344' title='bbox 713 3963 810 4034; x_wconf 83' lang='grc' dir='ltr'><strong><em>ίκανδς</em></strong></span> <span class='ocrx_word' id='word_1_345' title='bbox 832 3965 891 4038; x_wconf 84' lang='grc' dir='ltr'><strong><em>ἐγὼ</em></strong></span> <span class='ocrx_word' id='word_1_346' title='bbox 912 3967 946 4026; x_wconf 89' lang='grc' dir='ltr'><strong><em>τό</em></strong></span> <span class='ocrx_word' id='word_1_347' title='bbox 969 3963 1055 4042; x_wconf 81' lang='grc' dir='ltr'><strong><em>ἔργον</em></strong></span> <span class='ocrx_word' id='word_1_348' title='bbox 1076 3977 1127 4026; x_wconf 86' lang='grc' dir='ltr'><strong><em>τοῦ</em></strong></span> <span class='ocrx_word' id='word_1_349' title='bbox 1143 3973 1301 4043; x_wconf 84' lang='grc' dir='ltr'><strong><em>βαπτιστοῦ</em></strong></span> <span class='ocrx_word' id='word_1_350' title='bbox 1319 3965 1360 4034; x_wconf 89' lang='grc' dir='ltr'><strong><em>είς</em></strong></span> <span class='ocrx_word' id='word_1_351' title='bbox 1376 3965 1427 4024; x_wconf 89' lang='grc' dir='ltr'><strong><em>τόν</em></strong></span> <span class='ocrx_word' id='word_1_352' title='bbox 1444 3965 1543 4038; x_wconf 80' lang='grc' dir='ltr'><strong><em>κόριον</em></strong></span> 
     </span>
     <span class='ocr_line' id='line_1_35' title="bbox 234 4045 1542 4126; baseline -0.002 -18"><span class='ocrx_word' id='word_1_353' title='bbox 234 4050 437 4118; x_wconf 82' lang='grc' dir='ltr'><strong><em>ἐπιδείξασθαι.</em></strong></span> <span class='ocrx_word' id='word_1_354' title='bbox 471 4053 499 4108; x_wconf 87' lang='grc' dir='ltr'><strong><em>τί</em></strong></span> <span class='ocrx_word' id='word_1_355' title='bbox 524 4051 580 4123; x_wconf 79' lang='grc' dir='ltr'><strong><em>γὰρ</em></strong></span> <span class='ocrx_word' id='word_1_356' title='bbox 605 4055 654 4108; x_wconf 89' lang='grc' dir='ltr'><strong><em>καί</em></strong></span> <span class='ocrx_word' id='word_1_357' title='bbox 676 4051 786 4108; x_wconf 84' lang='grc' dir='ltr'><strong><em>λύσειέν</em></strong></span> <span class='ocrx_word' id='word_1_358' title='bbox 807 4071 849 4119; x_wconf 89' lang='grc' dir='ltr'><strong><em>τις</em></strong></span> <span class='ocrx_word' id='word_1_359' title='bbox 870 4049 992 4118; x_wconf 86' lang='grc' dir='ltr'><strong><em>ἐκείνου,</em></strong></span> <span class='ocrx_word' id='word_1_360' title='bbox 1016 4049 1048 4120; x_wconf 81' lang='grc' dir='ltr'><strong><em>ὃς</em></strong></span> <span class='ocrx_word' id='word_1_361' title='bbox 1069 4049 1214 4126; x_wconf 84' lang='grc' dir='ltr'><strong><em>ἁμαρτίαν</em></strong></span> <span class='ocrx_word' id='word_1_362' title='bbox 1237 4051 1288 4110; x_wconf 85' lang='grc' dir='ltr'><strong><em>οόκ</em></strong></span> <span class='ocrx_word' id='word_1_363' title='bbox 1310 4049 1453 4122; x_wconf 83' lang='grc' dir='ltr'><strong><em>ἐποίησεν,</em></strong></span> <span class='ocrx_word' id='word_1_364' title='bbox 1477 4045 1542 4106; x_wconf 82' lang='grc' dir='ltr'><strong><em>οότε</em></strong></span> 
     </span>
     <span class='ocr_line' id='line_1_36' title="bbox 235 4130 1543 4212; baseline -0.002 -19"><span class='ocrx_word' id='word_1_365' title='bbox 235 4135 339 4208; x_wconf 74' lang='grc' dir='ltr'><strong><em>εὑρέθη</em></strong></span> <span class='ocrx_word' id='word_1_366' title='bbox 357 4137 440 4202; x_wconf 82' lang='grc' dir='ltr'><strong><em>δόλος</em></strong></span> <span class='ocrx_word' id='word_1_367' title='bbox 462 4133 493 4192; x_wconf 88' lang='grc' dir='ltr'><strong><em>ἐν</em></strong></span> <span class='ocrx_word' id='word_1_368' title='bbox 514 4143 555 4210; x_wconf 79' lang='grc' dir='ltr'><strong><em>τῷ</em></strong></span> <span class='ocrx_word' id='word_1_369' title='bbox 577 4137 695 4204; x_wconf 84' lang='grc' dir='ltr'><strong><em>στόματι</em></strong></span> <span class='ocrx_word' id='word_1_370' title='bbox 717 4135 818 4202; x_wconf 83' lang='grc' dir='ltr'><strong><em>αότοῦ,</em></strong></span> <span class='ocrx_word' id='word_1_371' title='bbox 839 4133 941 4204; x_wconf 82' lang='grc' dir='ltr'><strong><em>καθὼς</em></strong></span> <span class='ocrx_word' id='word_1_372' title='bbox 962 4136 1135 4212; x_wconf 79' lang='grc' dir='ltr'><strong><em>γίγραπται,·</em></strong></span> <span class='ocrx_word' id='word_1_373' title='bbox 1163 4131 1255 4204; x_wconf 72' lang='grc' dir='ltr'><strong><em>οὕτως</em></strong></span> <span class='ocrx_word' id='word_1_374' title='bbox 1277 4135 1293 4192; x_wconf 92' lang='grc' dir='ltr'><strong><em>δ</em></strong></span> <span class='ocrx_word' id='word_1_375' title='bbox 1312 4137 1429 4206; x_wconf 81' lang='grc' dir='ltr'><strong><em>Κλήμης</em></strong></span> <span class='ocrx_word' id='word_1_376' title='bbox 1446 4133 1478 4192; x_wconf 83' lang='grc' dir='ltr'><strong><em>ἐν</em></strong></span> <span class='ocrx_word' id='word_1_377' title='bbox 1493 4130 1543 4204; x_wconf 85' lang='grc' dir='ltr'><strong><em>με’</em></strong></span> 
     </span>
     <span class='ocr_line' id='line_1_37' title="bbox 235 4215 1542 4295; baseline 0 -19"><span class='ocrx_word' id='word_1_378' title='bbox 235 4223 296 4288; x_wconf 72' lang='grc' dir='ltr'><strong><em>βίον</em></strong></span> <span class='ocrx_word' id='word_1_379' title='bbox 313 4217 356 4290; x_wconf 85' lang='grc' dir='ltr'><strong><em>ε’)</em></strong></span> <span class='ocrx_word' id='word_1_380' title='bbox 384 4216 543 4292; x_wconf 82' lang='grc' dir='ltr'><strong><em>στρώματι,</em></strong></span> <span class='ocrx_word' id='word_1_381' title='bbox 571 4217 586 4288; x_wconf 79' lang='grc' dir='ltr'><em>ἢ</em></span> <span class='ocrx_word' id='word_1_382' title='bbox 614 4215 658 4274; x_wconf 86' lang='grc' dir='ltr'><strong><em>ότι</em></strong></span> <span class='ocrx_word' id='word_1_383' title='bbox 690 4215 742 4276; x_wconf 84' lang='grc' dir='ltr'><strong><em>ούκ</em></strong></span> <span class='ocrx_word' id='word_1_384' title='bbox 772 4217 829 4289; x_wconf 89' lang='grc' dir='ltr'><strong><em>είμι</em></strong></span> <span class='ocrx_word' id='word_1_385' title='bbox 857 4217 936 4288; x_wconf 78' lang='grc' dir='ltr'><strong><em>ἄξιος</em></strong></span> <span class='ocrx_word' id='word_1_386' title='bbox 962 4221 999 4278; x_wconf 80' lang='grc' dir='ltr'><strong><em>τὰ</em></strong></span> <span class='ocrx_word' id='word_1_387' title='bbox 1030 4219 1071 4288; x_wconf 90' lang='grc' dir='ltr'><strong><em>είς</em></strong></span> <span class='ocrx_word' id='word_1_388' title='bbox 1101 4220 1188 4278; x_wconf 85' lang='grc' dir='ltr'><strong><em>αδτόν</em></strong></span> <span class='ocrx_word' id='word_1_389' title='bbox 1215 4221 1349 4295; x_wconf 83' lang='grc' dir='ltr'><strong><em>είρημένα</em></strong></span> <span class='ocrx_word' id='word_1_390' title='bbox 1381 4219 1542 4294; x_wconf 84' lang='grc' dir='ltr'><strong><em>προφητικδ</em></strong></span> 
     </span>
     <span class='ocr_line' id='line_1_38' title="bbox 236 4301 1542 4382; baseline -0.002 -22"><span class='ocrx_word' id='word_1_391' title='bbox 236 4303 390 4376; x_wconf 76' lang='grc' dir='ltr'><strong><em>αἰνίγματα</em></strong></span> <span class='ocrx_word' id='word_1_392' title='bbox 418 4305 545 4362; x_wconf 78' lang='grc' dir='ltr'><strong><em>ἐπιλῦσαι</em></strong></span> <span class='ocrx_word' id='word_1_393' title='bbox 572 4303 617 4362; x_wconf 82' lang='grc' dir='ltr'><strong><em>διὰ</em></strong></span> <span class='ocrx_word' id='word_1_394' title='bbox 644 4303 677 4360; x_wconf 87' lang='grc' dir='ltr'><strong><em>τό</em></strong></span> <span class='ocrx_word' id='word_1_395' title='bbox 704 4311 836 4376; x_wconf 86' lang='grc' dir='ltr'><strong><em>φανερῶς</em></strong></span> <span class='ocrx_word' id='word_1_396' title='bbox 861 4303 949 4362; x_wconf 79' lang='grc' dir='ltr'><strong><em>αὐτόν</em></strong></span> <span class='ocrx_word' id='word_1_397' title='bbox 975 4303 1109 4372; x_wconf 77' lang='grc' dir='ltr'><strong><em>ἐπιδεῖξαι</em></strong></span> <span class='ocrx_word' id='word_1_398' title='bbox 1135 4313 1176 4380; x_wconf 83' lang='grc' dir='ltr'><strong><em>τῷ</em></strong></span> <span class='ocrx_word' id='word_1_399' title='bbox 1202 4307 1318 4382; x_wconf 79' lang='grc' dir='ltr'><strong><em>κόσμῳ·</em></strong></span> <span class='ocrx_word' id='word_1_400' title='bbox 1345 4307 1393 4362; x_wconf 87' lang='grc' dir='ltr'><strong><em>καί</em></strong></span> <span class='ocrx_word' id='word_1_401' title='bbox 1418 4301 1542 4362; x_wconf 84' lang='grc' dir='ltr'><strong><em>τοῦτοό</em></strong></span> 
     </span>
     <span class='ocr_line' id='line_1_39' title="bbox 237 4391 360 4460; baseline -0.016 -2"><span class='ocrx_word' id='word_1_402' title='bbox 237 4391 360 4460; x_wconf 63' lang='lat' dir='ltr'><strong><em>“Mune-</em></strong></span> 
     </span>
    </p>
   </div>
   <div class='ocr_carea' id='block_1_6' title="bbox 237 4599 1544 4766">
    <p class='ocr_par' dir='ltr' id='par_1_15' title="bbox 237 4599 1544 4766">
     <span class='ocr_line' id='line_1_40' title="bbox 322 4599 1544 4682; baseline -0.002 -18"><span class='ocrx_word' id='word_1_403' title='bbox 322 4605 503 4680; x_wconf 67' lang='grc' dir='ltr'><strong><em>θδκροατής</em></strong></span> <span class='ocrx_word' id='word_1_404' title='bbox 521 4605 609 4676; x_wconf 67' lang='lat' dir='ltr'><strong><em>Hem</em></strong></span> <span class='ocrx_word' id='word_1_405' title='bbox 626 4602 789 4676; x_wconf 70' lang='grc' dir='ltr'><strong><em>ἀκρατήςίι</em></strong></span> <span class='ocrx_word' id='word_1_406' title='bbox 871 4609 1037 4682; x_wconf 74' lang='grc' dir='ltr'><strong><em>παραπείσῃ</em></strong></span> <span class='ocrx_word' id='word_1_407' title='bbox 1055 4607 1143 4664; x_wconf 71' lang='lat' dir='ltr'>cobet</span> <span class='ocrx_word' id='word_1_408' title='bbox 1165 4608 1253 4662; x_wconf 58' lang='lat'><strong><em>&amp;21⁴</em></strong></span> <span class='ocrx_word' id='word_1_409' title='bbox 1337 4609 1421 4664; x_wconf 78' lang='grc' dir='ltr'><strong><em>ίτοτ</em></strong></span> <span class='ocrx_word' id='word_1_410' title='bbox 1439 4599 1490 4664; x_wconf 79' lang='grc' dir='ltr'><strong><em>οὖν</em></strong></span> <span class='ocrx_word' id='word_1_411' title='bbox 1507 4607 1544 4662; x_wconf 71' lang='lat' dir='ltr'><strong><em>ist</em></strong></span> 
     </span>
     <span class='ocr_line' id='line_1_41' title="bbox 237 4689 1098 4766; baseline -0.005 -16"><span class='ocrx_word' id='word_1_412' title='bbox 237 4717 259 4750; x_wconf 78' lang='grc' dir='ltr'>ω</span> <span class='ocrx_word' id='word_1_413' title='bbox 278 4693 380 4764; x_wconf 65' lang='grc' dir='ltr'><strong><em>εεειςι</em></strong></span> <span class='ocrx_word' id='word_1_414' title='bbox 398 4693 431 4746; x_wconf 72' lang='grc' dir='ltr'><strong><em>τι</em></strong></span> <span class='ocrx_word' id='word_1_415' title='bbox 512 4693 549 4748; x_wconf 82' lang='grc' dir='ltr'><strong><em>ει</em></strong></span> <span class='ocrx_word' id='word_1_416' title='bbox 569 4689 646 4760; x_wconf 66' lang='grc' dir='ltr'><strong><em>λέγει</em></strong></span> <span class='ocrx_word' id='word_1_417' title='bbox 663 4691 694 4746; x_wconf 78' lang='grc' dir='ltr'><strong><em>ει</em></strong></span> <span class='ocrx_word' id='word_1_418' title='bbox 711 4689 825 4762; x_wconf 70' lang='grc' dir='ltr'><strong><em>ιεγωτ,</em></strong></span> <span class='ocrx_word' id='word_1_419' title='bbox 906 4693 945 4750; x_wconf 78' lang='grc' dir='ltr'><strong><em>τι</em></strong></span> <span class='ocrx_word' id='word_1_420' title='bbox 965 4691 1040 4766; x_wconf 70' lang='grc' dir='ltr'><strong><em>(γὰρ</em></strong></span> <span class='ocrx_word' id='word_1_421' title='bbox 1067 4693 1098 4747; x_wconf 79' lang='grc' dir='ltr'><strong><em>ει</em></strong></span> 
     </span>
    </p>
   </div>
   <div class='ocr_carea' id='block_1_7' title="bbox 0 0 1864 5530">
    <p class='ocr_par' dir='ltr' id='par_1_16' title="bbox 0 0 1864 5530">
     <span class='ocr_line' id='line_1_42' title="bbox 0 0 1864 5530; baseline 0 1"><span class='ocrx_word' id='word_1_422' title='bbox 0 0 1864 5530; x_wconf 95' lang='lat' dir='ltr'><strong><em> </em></strong></span> 
     </span>
    </p>
   </div>
  </div>
 </body>
</html>
