3772 5532
634 525 773 582 stromata
792 525 824 579 11.
846 523 910 595 cap.
924 525 1008 580 xx11.
1027 525 1084 592 132,
1096 525 1206 592 3-135,
1218 525 1242 578 3.
1533 531 1590 594 187

260 704 265 712 '
283 697 359 779 δίχα
380 695 415 762 δὲ
438 697 492 762 καί
515 695 588 762 τῶν
610 697 816 778 σωματικῶν
837 695 892 760 καί
916 695 989 762 τῶν
1007 686 1103 771 ἐκτὸς
1120 685 1184 776 τήν
1198 681 1323 776 ἀρετήν
1339 683 1489 778 αύτάρκη
1504 685 1591 774 πρὸς

283 787 497 880 εὐδαιμονίαν
520 789 611 860 είναι.

368 895 433 961 Καὶ
456 888 498 960 τά
520 896 582 979 μέν
604 880 670 960 τόδε
692 891 805 976 ἐχέτω,
828 890 861 958 αί
885 894 919 960 δέ
942 883 1152 976 ἀντιρρήσεις
1173 889 1207 958 αί
1228 883 1315 974 πρὸς
1338 885 1399 968 τὰς
1418 892 1591 976 εἰρημένας
1611 895 1707 962 lam

284 984 384 1076 δόξας
405 987 492 1060 κατὰ
514 986 635 1078 καιρὸν
656 985 870 1078 τεθήσονται,
893 983 972 1077 ήμίν
995 993 1029 1060 δέ
1053 982 1167 1068 αύτοις
1187 991 1234 1067 είς
1249 991 1348 1068 τέλος
1362 981 1592 1075 ἀτελεύτητον

249 1083 467 1176 σόφικέσθαι
495 1084 673 1176 πρόκειται
703 1095 920 1178 πειθομένοις
951 1106 1025 1169 ταῖς
1046 1090 1222 1168 ἐντολαῖς,
1255 1091 1411 1156 τουτέστι
1434 1091 1484 1174 τῷ
1508 1092 1590 1174 θεῷ,

283 1195 338 1258 καί
361 1183 440 1259 κατ’
462 1183 568 1270 αύτάς
589 1185 750 1272 βιώσασιυ
768 1184 1010 1276 ἀνεπιλήπτως
1032 1192 1086 1257 καὶ
1109 1181 1346 1275 ἐπιστημόνως
1368 1183 1423 1255 διό
1445 1191 1506 1273 τῆς
1529 1190 1592 1255 τοῦ

284 1295 382 1360 θείου
403 1283 595 1377 θελήματος
621 1286 791 1376 γνώσεως·
828 1283 849 1376 ή
871 1313 909 1356 τε
930 1282 1017 1374 πρὸς
1039 1283 1103 1355 τὸν
1124 1279 1234 1374 ὀρθόν
1256 1281 1363 1373 λόγον
1384 1282 1432 1366 σός
1454 1283 1530 1357 οίόν
1553 1309 1591 1356 τε
1609 1293 1628 1350 2

284 1391 480 1476 ἐξομοίωσις
511 1393 608 1469 τέλος
638 1392 708 1458 ἐστὶ
738 1394 794 1458 καὶ
825 1391 872 1470 είς
902 1384 966 1476 τήν
993 1392 1126 1456 τελείαν
1153 1385 1328 1457 υἱοθεσίαν
1345 1383 1409 1454 ’διά
1432 1389 1496 1476 τοῦ
1517 1387 1592 1456 υίοῦ

284 1481 566 1568 ἀποκατάστασις,
588 1481 796 1572 δοξάζουσαν
817 1481 866 1556 ἀεὶ
882 1483 946 1556 τὸν
960 1493 1091 1571 πατέρα
1106 1483 1160 1554 διὰ
1175 1490 1238 1556 τοῦ
1252 1484 1399 1574 μεγάλου
1412 1479 1591 1572 ἀρχιερέως

234 1591 347 1658 1οτοῦ
380 1579 583 1671 ιάδελφούςι
617 1592 672 1655 καί
706 1581 1035 1676 εσυγκληρονὸμουςτ
1068 1584 1348 1668 καταξιώσαντος
1370 1580 1454 1672 ἡμᾶς
1476 1589 1591 1655 εἰπεῖν.

283 1691 339 1756 καί
361 1679 381 1755 δ
402 1691 464 1774 μὲν
487 1679 681 1765 ἀπόστολος
703 1681 880 1773 συντόμως
902 1683 944 1756 τὸ
967 1689 1065 1766 τέλος
1086 1686 1124 1754 ἐν
1146 1689 1189 1770 τῇ
1211 1681 1297 1770 πρὸς
1318 1679 1499 1772 Ῥωμαίους
1520 1687 1629 1756 ἐπι-δ

285 1791 391 1873 στολῇ
413 1781 614 1874 διαγράφων
637 1791 736 1872 λέγει·
761 1792 854 1854 »νυνί
877 1789 912 1854 δὲ
934 1787 1229 1872 ἐλευθερωθέντες
1251 1778 1319 1854 ἀπὸ
1342 1788 1403 1871 τῆς
1418 1779 1590 1872 ἀμαρτίας,

285 1891 523 1965 δουλωθέντες
549 1887 584 1954 δέ
611 1889 662 1973 τῷ
687 1889 774 1972 θεῷ,
806 1887 897 1971 ἔχετε
919 1879 982 1953 τὸν
1004 1878 1138 1970 καρπὸν
1159 1877 1256 1971 ύμῶν
1278 1887 1323 1964 είς
1345 1877 1518 1970 ἀγιασμόν,
1550 1881 1590 1952 τὸ

285 1989 319 2054 δέ
335 1989 434 2066 τέλος
449 1982 543 2072 ζωὴν
557 1981 729 2054 αίάνιον·ι
755 1981 875 2071 διττὴν
897 1987 932 2054 δέ
954 1981 1051 2064 είδοός
1069 1985 1075 2069 1
1094 1979 1161 2070 τήν
1181 1985 1309 2064 ἐλπίδα,
1333 1980 1398 2072 τήν
1411 1987 1473 2070 μέν
1487 2007 1590 2070 προσ·
1609 1993 1628 2049 4
1647 1991 1733 2050 501?

235 2103 267 2154 15
284 2089 492 2172 δοκωμένην,
519 2081 584 2173 τήν
604 2087 640 2153 δέ
654 2078 914 2170 ἀπειλημμένην,
937 2075 1001 2170 ήδη
1019 2086 1118 2162 τέλος
1133 2077 1279 2152 διδάσκει
1294 2079 1359 2168 τήν
1374 2087 1435 2170 τῆς
1453 2085 1590 2164 ἐλπίδος

285 2178 575 2255 ἀποκατάστασιν·
614 2179 652 2271 »ἦ
675 2181 737 2272 γὰρ
758 2177 948 2270 ύπομονήι,
976 2185 1071 2268 φησί,
1098 2177 1266 2270 »δοκιμήν
1297 2177 1317 2270 ἡ
1341 2187 1376 2252 δὲ
1397 2180 1517 2270 δοκιμὴ
1538 2185 1590 2253 ἐλ-

285 2287 378 2353 πίδα·
400 2277 420 2372 ἡ
440 2287 475 2353 δέ
497 2285 592 2363 ἐλπὶς
614 2279 656 2353 οά
675 2279 896 2370 καταισχύνει,
919 2273 974 2351 ότι
996 2275 1016 2369 ἡ
1038 2275 1152 2368 ἀγάπη
1174 2285 1237 2350 τοῦ
1259 2286 1345 2352 θεοῦ
1365 2284 1537 2369 ἐκκέχυται
1552 2284 1589 2352 ἐν

287 2399 358 2464 ταίς
378 2387 530 2470 καρδίαις
552 2376 649 2470 ἡμῶν
671 2380 726 2452 διά
747 2377 941 2469 πνεύματος
962 2375 1059 2467 ἀγίου
1080 2385 1143 2450 τοῦ
1164 2385 1332 2464 δοθέντος
1348 2376 1450 2469 ήμῑνπ
1484 2375 1531 2450 δι’
1546 2375 1589 2468 ἢν

285 2477 419 2571 ἀγάπην
441 2486 496 2551 καὶ
517 2475 554 2568 <ή
556 2486 569 2566 >
593 2478 690 2564 είς
653 2507 718 2569 την
732 2477 888 2552 ἐλπίδα’
867 2474 1153 2560 αποκατάστασις,
1176 2475 1220 2568 ἣν
1235 2475 1425 2550 ἀνάπαυσιν
1441 2473 1589 2567 ἀλλαχοῦ

234 2595 269 2652 20
286 2587 371 2667 λέγει
401 2577 603 2652 ἀποκεῖσθαι
634 2575 721 2669 ἡμῖν.
764 2580 807 2652 τὰ
834 2573 935 2669 όμοια
964 2584 1021 2650 καί
1046 2576 1137 2665 παρὰ
1164 2585 1215 2670 τῷ
1236 2574 1385 2668 Ἰεςεκιήλ
1412 2573 1522 2668 εύροις
1545 2575 1588 2648 ἀν
1607 2588 1704 2658 185,1

285 2673 397 2800 ηύτως
418 2681 553 2766 ἔχοντα·
592 2673 630 2768 νή
653 2677 742 2768 ψυχή
769 2675 1008 2768 ἀμαρτάνουσα
1036 2671 1122 2768 αύτη
1149 2675 1384 2750 ἀποθανεῖται.
1426 2673 1525 2748 κα1’
1504 2675 1590 2766 ανήρ

286 2773 323 2861 ὃς
345 2775 387 2848 ἀν
408 2784 545 2868 γένηται
568 2784 695 2860 δίκαιος
716 2784 770 2848 καὶ
793 2775 918 2867 ποιήση
940 2797 1039 2868 κρίμα
1061 2785 1115 2847 καὶ
1137 2777 1364 2898 δικαιοσύνην,
1387 2781 1441 2850 ἐπὶ
1464 2775 1507 2848 τὰ
1527 2769 1590 2866 ὄρη

284 2874 346 2948 ούκ
367 2881 499 2966 ἔφαγεν,
521 2882 576 2948 καί
599 2877 680 2960 τούς
702 2871 902 2966 ὀφθαλμούς
925 2873 1031 2952 αύτοῦ
1053 2873 1115 2948 ούκ
1131 2869 1211 2966 ήρεν
1225 2876 1332 2948 ἐπὶ
1295 2905 1338 2948 τα
1353 2880 1528 2948 είδωλα”
1494 2904 1591 2948 οικου

283 2973 420 3066 Ἰσραήλ,
443 2982 498 3046 καὶ
520 2974 586 3064 τὴν
607 2995 748 3062 γυναῖκα
770 2983 834 3048 τοῦ
855 2985 1000 3066 πλησίον
1021 2973 1083 3048 ούκ
1105 2981 1249 3066 ἐμίανεν,
1271 2983 1325 3048 καί
1348 2972 1435 3064 πρὸς
1449 2993 1590 3064 γυναῖκα

232 3091 267 3148 λθ
284 3079 321 3148 ἐν
344 3082 506 3165 χωρισμῷ
538 3070 747 3164 ἀκαθαρσίας
779 3071 884 3165 αύτῆς
914 3073 956 3148 ού
980 3083 1194 3167 προσήλθεντ
1225 3072 1280 3164 (οά
1301 3075 1363 3166 γὰρ
1384 3073 1589 3161 ἐφύβριστον

285 3174 349 3265 τὴν
374 3171 566 3264 ἀνθρώπου
592 3173 725 3262 σποράν
750 3175 836 3246 εἶναι
856 3173 1040 3264 βούλεται),
1066 3185 1138 3248 »καί
1161 3176 1297 3264 ἀνδρατ,
1329 3182 1422 3264 φησί,
1449 3173 1510 3264 »μή
1531 3204 1590 3246 κα-

284 3276 387 3362 καόση,
409 3271 612 3364 ἐνεχύρασμα
635 3269 837 3362 ὀφείλοντος
859 3271 1039 3362 ἀποδώσει,
1062 3269 1219 3366 ἀρπαγμα
1238 3271 1279 3348 ού
1292 3278 1337 3366 μή
1359 3270 1502 3363 ἀρπάση,
1525 3273 1589 3346 τὸν

283 3373 392 3462 ἀρτον
422 3370 528 3446 αύτοῦ
557 3381 724 3446 πεινῶντι
755 3373 867 3458 δώσει,
899 3381 970 3462 (καί
997 3374 1124 3466 γυμνόν
1150 3385 1336 3462 περιβαλει,
1364 3375 1406 3446 τὸ
1428 3369 1626 3462 ἀργύριονθ

284 3469 390 3546 αύτοῦ
419 3477 474 3546 ἐπὶ
505 3469 600 3564 τόκῳ
630 3469 672 3544 ού
698 3473 831 3563 δάσεα)
863 3481 917 3544 καί
948 3473 1164 3564 πλεονασμόν
1196 3471 1236 3548 ού
1267 3472 1425 3565 λήφεται.
1456 3478 1491 3560 ἐξ
1521 3469 1588 3564 ἀδι-

231 3589 266 3644 30
282 3579 356 3656 κίας
378 3567 583 3662 ἀποστρέφει
606 3575 671 3664 τήν
691 3591 784 3661 χείρα
806 3569 921 3656 αύτοῦ,
943 3593 1043 3664 κρίμα
1065 3571 1234 3664 ἀληθινὸν
1255 3572 1388 3664 ποιήσει
1408 3572 1472 3646 ἀνά
1486 3579 1589 3662 μέσον

283 3666 406 3766 ἀνδρὸς
431 3677 486 3743 καί
516 3679 580 3742 τοῦ
600 3680 756 3762 πλησίον,
787 3677 824 3743 ἐν
847 3691 920 3756 τοῖς
942 3675 1139 3762 δικαιωμασί
1161 3703 1226 3764 μου
1245 3672 1445 3762 πορεύσεται
1468 3681 1522 3744 καί
1546 3670 1588 3743 τά

283 3767 494 3891 δικαιώματά
524 3799 590 3860 μου
615 3771 758 3859 ἐφύλαξε
786 3779 850 3844 τοῦ
876 3777 1015 3862 ποιήσαι
1037 3767 1216 3864 ἀλήθειαν·
1253 3771 1380 3856 δίκαιός
1402 3777 1486 3856 ἐστι,
1519 3779 1626 3860 ζωῇθ

284 3867 426 3960 ζήσεται,
450 3877 537 3960 λέγει
559 3868 753 3944 ἀδωνάῒ
711 3901 850 3960 κυριοςπ
892 3863 913 3942 ό
934 3900 969 3942 τε
991 3868 1121 3956 Ησαΐας
1143 3872 1206 3944 τὸν
1224 3879 1285 3962 μὲν
1300 3871 1527 3943 πιστεύσαντα
1541 3878 1588 3954 είς

283 3968 474 4060 σεμνότητα
494 3979 578 4056 βίον,
601 3969 665 4042 τόν
687 3969 880 4061 γνωστικόν
901 3977 937 4042 δὲ
959 3977 1005 4054 είς
1027 3975 1202 4044 ἐπίστασιν
1223 3979 1442 4058 παρακαλων,
1463 3971 1508 4060 μή
1525 3969 1588 4059 τήν

335 4175 340 4182 .
367 4135 386 4188 θ
414 4131 469 4202 vgl.
492 4131 574 4188 Hebr.
592 4135 622 4200 4,
641 4135 673 4188 14
768 4133 808 4188 10
833 4131 915 4188 Hebr.
934 4133 962 4198 2,
981 4135 1013 4188 11
1102 4133 1225 4198 πεπυ,
1245 4135 1276 4187 17
1372 4131 1488 4188 12—14
1508 4129 1587 4188 Rom.

280 4217 305 4281 θ,
323 4217 358 4272 ‘22
438 4215 558 4272 111-18
578 4216 655 4274 Rom.
674 4221 698 4282 5,
715 4215 756 4272 af
831 4217 895 4272 1111
914 4215 970 4286 vgl.
988 4215 1070 4272 Ηείιι.
1087 4221 1112 4286 4,
1130 4217 1147 4270 θ
1215 4217 1329 4272 21—88
1347 4215 1444 4272 Ετεοίι.
1465 4219 1588 4282 18,1-9

281 4297 485 4366 (Τὴοοδσέίου);
504 4299 558 4372 vgl.
576 4299 657 4356 Ρεσδ.
675 4301 688 4354 Ι
705 4303 739 4356 95
808 4301 873 4356 θίέ
888 4299 943 4370 ng
957 4299 1049 4370 Chrys.
1063 4299 1106 4356 Fr.
1118 4317 1186 4356 mor.
1198 4303 1249 4356 ‘250
1261 4301 1355 4355 Arnim
1370 4305 1411 4368 (=
1424 4301 1522 4356 Strom.
1535 4301 1587 4354 Vll

280 4383 322 4450 ευ,
341 4387 380 4452 ομ
402 4385 500 4440 strom.
515 4381 552 4438 v1
571 4387 628 4452 114,
646 4387 662 4438 ι)

366 4516 579 4587 θδσξάζοισαν
597 4519 676 4574 Schw
698 4517 895 4586 δοξάζονσαίι
977 4520 1015 4576 111
1035 4519 1079 4588 (ήί
1098 4520 1177 4575 Sehw
1246 4521 1282 4576 21
1308 4515 1388 4590 αίίτη]
1411 4519 1519 4591 αίαήίι

280 4603 320 4660 25
343 4597 375 4658 έν
391 4603 537 4674 χειρισμῷ]
555 4599 585 4658 ἐν
602 4609 692 4674 καιρῷ
711 4603 751 4656 Ιι1
768 4621 811 4657 ιω
829 4603 910 4658 Βιιιιδ
990 4603 1055 4660 281
1083 4601 1276 4672 ,καί-δὼοειῖ
1297 4621 1345 4660 αυτ
1363 4605 1460 4662 Εεσσίι.
1479 4607 1520 4674 18,
1539 4605 1587 4668 ῖίς

280 4685 361 4742 M.
381 4687 391 4739 1
411 4688 445 4742 95
525 4689 564 4744 84
583 4685 737 4758 ἐπίστασιν]
755 4683 882 4744 ἐπίτασιν
901 4687 940 4742 Ρυ
