3760 5534
568 553 708 610 stromata
724 553 771 608 ιν.
794 555 858 626 esp.
870 555 917 610 ιν.
936 558 976 622 ιε,
988 557 1103 628 ν-σιρ.
1118 555 1149 610 v.
1167 557 1209 626 τε,
1221 557 1245 612 ι.
1501 565 1560 626 νει

254 714 388 804 αίσγρὸς
410 720 445 786 δε
468 720 505 786 ἐκ
526 723 635 788 καλοῦ
655 725 711 790 καί
734 717 873 806 νοσερὰς
894 723 929 804 ἐξ
950 713 1098 808 ὑγιεινοῦ
1120 717 1300 810 γενόμενος
1315 715 1395 808 ἡμῖν
1413 725 1473 806 [τί]
1489 723 1560 790 ἐστι

251 813 460 906 παράδειγμα
482 811 618 904 ἀγαθόν
639 811 940 906 ἀναγεγραμμένος,
963 825 1134 892 δυσωπῶν
1150 817 1214 890 τόν
1228 815 1445 906 πειράσαντα,
1467 817 1560 892 εδλο-

251 923 324 1004 γῶν
355 914 419 988 τόν
448 914 640 1002 πλάσαντα,
673 923 790 1006 φέρων
821 910 914 990 ούτω
946 917 989 990 τά
1019 916 1159 1006 δεύτερα
1187 915 1236 1002 οίς
1256 925 1311 990 καί
1335 917 1378 990 τά
1398 914 1558 1008 πρότερα,

252 1012 422 1086 διδάσκων
453 1007 489 1086 εύ
518 1013 608 1105 μάλα
638 1035 710 1098 τοῖς
740 1036 987 1104 περιστατικοῖς
1018 1011 1144 1090 άπασιν
1170 1013 1246 1090 οίόν
1268 1045 1307 1090 τε
1333 1019 1418 1090 είναι
1445 1025 1559 1096 καλῶς

217 1121 396 1203 δχρῆσθαι
428 1114 490 1186 τόν
520 1113 721 1204 γνωστικόν.
763 1123 818 1188 καὶ
841 1113 895 1188 ότι
921 1145 956 1206 γε
981 1113 1108 1198 εἰκόνες
1131 1117 1173 1189 τά
1199 1127 1205 1202 Ι
1233 1117 1359 1190 παλαιά
1381 1121 1559 1208 κατορθοί-
1578 1127 1596 1182 8
1614 1127 1694 1183 2078

251 1241 341 1304 ματα
363 1219 410 1296 είς
425 1213 469 1284 τά
484 1209 637 1304 ἦμεδαπά
652 1217 928 1306 ἐπανορθώματα
944 1219 1119 1300 ἔκκεινται,
1141 1221 1316 1306 ἐμφαίνων
1331 1213 1350 1290 ό
1366 1213 1559 1302 ἀπόστολος

255 1309 362 1384 »ὥστε
393 1313 473 1395 τούς
503 1314 643 1404 δεσμούς
672 1345 755 1406 μουι
789 1323 869 1406 φησί
902 1317 1089 1403 »φανεροὺς
1119 1319 1157 1388 ἐν
1180 1323 1318 1407 Χριστῷ
1343 1325 1500 1404 γενέσθαι
1522 1323 1559 1388 έν

252 1405 323 1502 ὅλῳ
355 1419 407 1502 τῷ
437 1423 637 1505 πραιτωρίῳ
665 1422 720 1486 καί
747 1435 820 1498 τοῖς
843 1428 976 1498 λοιποῖς
997 1423 1093 1498 πᾶσι,
1123 1423 1179 1487 καὶ
1201 1417 1281 1500 τούς
1302 1425 1463 1500 πλείονας
1485 1425 1559 1488 τῶν

250 1507 412 1600 ἀδελφῶν
441 1517 477 1583 ἐν
503 1519 607 1604 κυρίῳ
636 1513 850 1596 πεποιθότας
876 1535 948 1598 τοῖς
971 1521 1103 1606 δεσμοῖς
1123 1544 1189 1604 μου
1209 1523 1457 1604 περισσοτέρως
1479 1527 1557 1590 τολ-

199 1627 233 1682 10
249 1615 316 1700 μάν
347 1606 487 1698 ἀφόβως
518 1612 581 1684 τὸν
614 1610 720 1702 λόγον
750 1620 812 1686 τοῦ
842 1621 927 1686 θεοῦ
957 1627 1109 1698 λαλεῖνι,
1142 1619 1214 1688 ἐπεί
1240 1623 1295 1686 καὶ
1323 1615 1365 1688 τά
1392 1615 1558 1706 μαρτύρια

249 1714 458 1800 ἐπιστροφῆς
474 1715 543 1782 έστι
558 1718 810 1802 παραδείγματα
825 1710 973 1800 ἐνδόξως
993 1711 1182 1803 ἡγιασμένα.
1221 1708 1302 1788 »ὅσα
1320 1715 1383 1804 γὰρ
1397 1711 1554 1805 ἐγράφη.ι
1576 1729 1594 1784 λ

249 1817 352 1898 λέγει,
384 1815 448 1892 »είς
471 1810 535 1901 τὴν
557 1808 722 1900 ἡμετέραν
744 1818 962 1887 διδασκαλίαν
983 1811 1123 1904 ἐγράφη,
1145 1817 1202 1886 ἵνα
1224 1812 1278 1886 διά
1301 1821 1362 1904 τῆς
1383 1811 1557 1904 ύπομονῆς

247 1917 300 1979 καί
333 1915 394 1998 τῆς
423 1909 667 2001 παρακλήσεως
698 1919 772 1982 τῶν
802 1919 946 2002 γραφῶν
976 1913 1041 2002 τὴν
1070 1919 1191 1988 ἐλπίδα
1218 1917 1346 2004 ἔχωμεν
1367 1921 1428 2004 τῆς
1449 1941 1556 2004 παρα-

249 2007 425 2100 κλήσεως.ι

197 2123 230 2176 1ο
326 2105 435 2180 ’Ἐοικε
457 2115 495 2180 δέ
514 2138 589 2192 πως
611 2110 784 2202 παρούσης
806 2108 995 2202 ἀλγηδόνος
1017 2109 1038 2202 ἡ
1060 2113 1149 2204 ψυχὴ
1173 2111 1281 2186 νεύειν
1304 2111 1365 2188 ἀπ’
1382 2111 1486 2205 αύτῑγς
1500 2121 1555 2186 καὶ
1574 2129 1652 2195 2⁰.1

248 2215 360 2298 τίμιον
387 2207 540 2298 ἡγεῖσθαι
570 2207 634 2298 τὴν
666 2206 867 2302 ἀπαλλαγὴν
894 2218 955 2302 τῆς
980 2212 1152 2304 παρούσης
1174 2209 1303 2303 ὀδύνης.
1346 2210 1458 2303 ἀμέλει
1479 2209 1554 2285 κατ’

246 2311 354 2378 έκεῖνο
381 2313 502 2395 καιροῦ
527 2315 582 2380 καὶ
609 2307 824 2399 μαθημάτων
853 2311 1009 2403 ῥςιθυμεῖ,
1041 2307 1189 2402 ὁπηνίκα
1210 2321 1265 2384 καὶ
1288 2317 1321 2384 αί
1344 2313 1443 2386 ἄλλοι
1470 2311 1554 2403 ἀπη-

246 2411 410 2498 μέληνται
441 2404 564 2496 ἀρεταί.
606 2417 663 2480 καὶ
690 2405 731 2481 ού
758 2408 869 2499 δήπου
897 2410 962 2500 τὴν
993 2409 1118 2500 ἀρετὴν
1148 2409 1258 2502 αὐτὴν
1283 2410 1423 2502 πάσχειν
1446 2421 1592 2503 φαμένε

247 2503 337 2592 (ούδὲ
359 2509 422 2595 γάρ
445 2525 537 2580 νοσεῖ
554 2502 575 2597 ἡ
591 2503 715 2596 ἀρετή),
738 2503 757 2579 ό
780 2515 815 2579 δὲ
837 2505 965 2598 ἀμφοῖν
986 2512 1207 2600 μετεσχηκώς,
1229 2509 1351 2602 ἀρετῆς
1370 2519 1425 2582 καὶ
1442 2509 1554 2596 νόσου,

194 2618 229 2674 20
246 2601 313 2676 ύπό
341 2614 404 2678 τοῦ
429 2615 692 2696 κατεπείγοντος
718 2615 886 2694 θλίβεται·
921 2606 986 2680 κάν
1007 2609 1052 2698 μὴ
1078 2619 1437 2700 καταμεγαλοφρονῶν
1460 2611 1553 2702 τύχη,

246 2701 265 2776 ό
286 2712 426 2796 μηδέπω
455 2705 520 2796 τὴν
547 2707 615 2794 ἕξιν
642 2712 703 2796 τῆς
728 2712 922 2796 ἐγκρατείας
943 2707 1254 2800 περιζπσιησάμενος
1276 2715 1460 2798 ἐξίσταται,
1480 2716 1554 2782 ἴσον
1570 2723 1654 2780 δῖΒΡ

246 2833 283 2876 τε
311 2801 499 2894 εύρίσκεται
528 2813 579 2897 τῷ
608 2805 743 2894 φεύγειν
768 2806 809 2877 τό
836 2807 880 2897 μὴ
907 2805 1092 2898 ύπομεῖναι.
1136 2805 1212 2881 όδὲ
1240 2807 1344 2894 αύτός
1370 2808 1472 2900 λόγος
1497 2817 1553 2882 καί
1571 2825 1647 2892 2¹‚1

245 2913 322 2994 περὶ
348 2914 481 2988 πενίας,
512 2909 583 2978 ἐπεὶ
609 2911 665 2978 καὶ
692 2899 776 2995 αύτη
798 2915 873 2978 τῶν
899 2905 1104 2996 ἀναγκαίων,
1135 2915 1196 2997 τῆς
1218 2917 1365 2998 θεωρίας
1387 2916 1475 3000 λέγω
1497 2917 1553 2982 καὶ

245 3011 307 3094 τῆς
336 3011 491 3092 καθαρᾶς
521 3001 786 3095 ἀναμαρτησίας,
819 3003 1024 3096 άπασχολεῖν
1048 3004 1199 3094 βιάζεται
1229 3009 1295 3097 τὴν
1325 3007 1445 3100 φυγήν,
1475 3017 1553 3098 περὶ

193 3116 227 3172 25
247 3103 328 3186 τούς
349 3105 534 3194 πορισμοὺς
555 3109 737 3192 διατρίβειν
758 3102 992 3194 ἀναγκάζουσα
1014 3104 1079 3178 τόν
1099 3106 1143 3196 μὴ
1167 3101 1251 3180 όλον
1273 3108 1395 3180 ἑαυτὸν
1411 3107 1457 3182 δι’
1474 3107 1552 3200 ἀγά-

244 3231 312 3292 πης
343 3199 589 3276 ἀνατεθεικότα
617 3212 668 3294 τῷ
696 3213 783 3295 θεῷ,
816 3203 930 3295 ὥσπερ
958 3211 1101 3296 ἔμπαλιν
1123 3203 1145 3296 ἥ
1167 3233 1204 3277 τε
1225 3205 1332 3296 ύγίεια
1357 3216 1412 3280 καὶ
1435 3205 1455 3299 ἦ
1478 3217 1552 3282 τῶν

245 3308 449 3392 ἐπιτηδείων
470 3299 625 3390 ἀφθονία
646 3309 827 3392 ἐλευθέραν
844 3311 900 3376 καί
918 3301 1168 3394 ἀνεμπόδιστον
1184 3305 1345 3394 φυλάσσει
1361 3307 1425 3398 τὴν
1439 3308 1552 3398 ῳυχίγν

245 3401 310 3494 τὴν
336 3396 372 3474 εύ
397 3409 544 3492 χρῆσθαι
571 3421 644 3486 τοῖς
665 3410 809 3492 παροῦσι
837 3403 1080 3494 γινιόσκουσαν·
1119 3415 1288 3494 νθλῖιρινι.
1321 3405 1384 3496 γάρ
1406 3431 1510 3496 φησιν
1532 3403 1588 3478 δε

246 3498 452 3586 ἀπόστολος,
488 3510 548 3592 »τῇ
575 3510 671 3592 σαρκί
699 3505 829 3590 ἕξουσιν
857 3507 890 3574 σί
916 3511 1083 3590 τοιοῦτοι,
1115 3507 1180 3594 έγώ
1208 3511 1243 3576 δὲ
1270 3504 1367 3596 ύμῶν
1388 3513 1551 3596 φείδομαι,

193 3611 228 3667 30
245 3609 339 3673 θέλω
370 3601 432 3692 γάρ
461 3597 544 3692 ύμάς
571 3599 770 3692 ἀμερίμνους
797 3605 883 3674 είναι
908 3603 994 3692 πρός
1016 3603 1057 3675 τό
1080 3595 1244 3695 εὔσχημον
1265 3615 1322 3678 καὶ
1344 3603 1551 3697 εύπάρεδρον

245 3709 296 3791 τῷ
318 3709 424 3790 κυρίῳ
449 3698 733 3790 άπερισπάστως.ι
773 3701 909 3776 τούτων
931 3696 992 3776 οὖν
1014 3699 1202 3777 ἀνθεκτέον
1224 3701 1266 3777 ού
1283 3701 1329 3776 δι’
1345 3703 1441 3787 αύτά,
1464 3705 1551 3780 ἀλλὰ
1569 3721 1645 3787 ΞΜ

245 3799 300 3873 διά
331 3801 372 3872 τὸ
404 3811 513 3890 σῶμα,
545 3797 565 3890 ἡ
592 3805 626 3871 δὲ
653 3807 716 3872 τοῦ
743 3801 900 3890 σώματος
926 3805 1094 3892 ἐπιμέλεια
1117 3802 1171 3876 διά
1194 3803 1257 3893 τὴν
1279 3805 1390 3895 φυγὴν
1412 3815 1550 3897 γίνεται,

244 3897 300 3988 ἐφ’
329 3897 371 3990 ἣν
398 3897 417 3989 ἡ
445 3897 611 3988 ἀναφορά.
654 3905 691 3972 ἐν
717 3899 824 3990 ταύτη
855 3901 917 3990 γὰρ
947 3915 1070 3992 μαθεῖν
1101 3900 1229 3993 ἀνάγκη
1261 3903 1323 3974 τόν
1354 3915 1587 3994 γνωστικιῖιςλ

243 3995 513 4088 πολιτευόμενον
534 3999 578 4071 τὰ
599 3997 827 4090 προσήκοντα,
850 4004 921 4072 ἐπεί
944 4000 985 4074 τό
1009 4001 1110 4092 γεμὴ
1133 4005 1218 4074 εἶναι
1242 4003 1305 4093 τὴν
1328 4001 1455 4095 ἡδονὴν
1473 4003 1550 4096 ἀγα-

328 4201 373 4258 Ξλ
389 4203 444 4274 vgl.
456 4204 559 4274 καρδία
570 4200 728 4271 δοξάζσυσα
741 4202 807 4258 οδω
819 4205 942 4274 ζητοῦσα
955 4204 1005 4262 τδν
1017 4205 1186 4262 πεπλακδτα
1204 4205 1286 4262 Ροεδ.
1299 4207 1337 4260 111
1350 4210 1391 4274 90,
1403 4213 1431 4270 4;
1449 4209 1548 4264 θίασοι.

244 4286 375 4352 1179,1;
404 4287 658 4360 Bam.ssp.2,10;
685 4288 754 4343 Iron.
771 4291 801 4356 4,
819 4290 853 4344 32
943 4291 1036 4346 7-10
1060 4289 1129 4344 Phil.
1148 4293 1176 4358 1,
1195 4291 1251 4346 13ί
1337 4293 1449 4348 11-14
1473 4291 1549 4348 Rom.

244 4373 319 4432 15.4
401 4369 795 4444 15v31.strom.1v140,1
879 4375 991 4432 28-81
1011 4375 1024 4428 I
1043 4373 1106 4430 Kor.
1126 4377 1149 4440 7,
1167 4375 1208 4430 28.
1227 4377 1267 4430 32.
1285 4377 1319 4432 35

330 4547 345 4602 1
367 4545 416 4617 [τέ]
435 4547 466 4600 θλ
536 4547 570 4602 11
583 4545 599 4602 ί
613 4543 736 4618 ἐγράφη,
753 4545 827 4620 λέγει
840 4549 906 4620 {ng
919 4549 989 4604 Phil.
1004 4549 1029 4618 1)
1047 4551 1082 4619 Sy
1101 4551 1224 4620 ηγραφη
1237 4548 1312 4620 λέγει
1330 4551 1351 4604 L
1421 4552 1459 4607 22
1479 4555 1550 4608 nach

242 4631 281 4698 μη
300 4628 336 4686 ἰοί
353 4631 398 4686 εἰει
417 4631 527 4686 Βοοίιελ
546 4633 751 4702 ausgestriehon
770 4634 790 4688 L
809 4633 894 4690 daher
910 4635 948 4702 με)
969 4631 1003 4688 οδ
1021 4633 1056 4688 vi
1136 4635 1175 4692 28
1194 4633 1303 4704 αὐτηίι
1374 4636 1413 4692 Ξθ
1432 4637 1502 4692 nauh
1520 4635 1550 4694 δέ

243 4713 280 4769 λεί
297 4713 390 4771 θέλων
410 4717 512 4788 getilgt
529 4716 563 4770 Ιιῑ

301 4801 411 4846 Clemens
426 4801 456 4848 11.
1307 4809 1338 4860 1?
