3772 5532
572 553 710 609 suomata
727 555 761 610 11.
784 555 847 626 Cap.
867 556 900 610 V.
918 556 959 621 24,
970 555 1086 626 4-Οερ.
1100 555 1146 609 vl.
1164 556 1205 624 28,
1218 560 1240 610 1.
1502 563 1559 624 127

252 715 312 808 σύγ
334 717 382 802 οῦς
403 721 504 802 αἴτια,
528 715 602 790 ἀλλ’
625 715 673 800 ιύς
695 726 858 790 συναίτια.
885 723 1009 790 διπλοῦ
1032 725 1151 790 τοίνυν
1173 713 1275 802 ὄντος
1291 725 1352 790 τοῦ
1368 722 1428 805 τῆς
1442 725 1560 800 κακίας
1578 729 1597 785 θ

251 825 375 904 εἴδους,
408 825 553 909 τοῦμὲν
574 817 658 908 μετὰ
681 813 813 906 άπάτης
839 823 894 888 καὶ
920 823 984 889 τοῦ
1006 815 1208 906 λανθάνειν,
1240 826 1302 890 τοῦ
1324 823 1357 888 δέ
1380 816 1465 904 μετὰ
1487 824 1560 900 βίας

251 918 398 1008 άγοντος
429 925 484 992 καί
516 925 695 1006 φέροντος,
728 913 747 988 ὁ
774 927 869 1000 θείος
899 915 999 1006 λόγος
1028 923 1190 1006 κέκραγεν
1217 915 1347 1000 πάντας
1370 914 1560 1006 συλλήβδην

250 1027 377 1100 καλῶν,
401 1017 499 1100 είδώς
520 1024 581 1107 μὲν
601 1025 656 1088 καὶ
678 1015 823 1104 μάλιστα
846 1017 926 1100 τούς
941 1017 985 1106 μὴ
1001 1023 1307 1106 πεισθησομένους,
1331 1011 1423 1104 ὅμως
1439 1013 1470 1087 δ’
1487 1009 1558 1104 σύν,
1578 1023 1656 1080 1608

217 1111 307 1190 δὸτι
328 1115 384 1206 ἐφ’
410 1114 552 1207 ἡμῖντὸ
575 1125 756 1188 πείθεσθαί
783 1115 818 1188 τε
846 1123 899 1186 καί
927 1115 986 1206 μή.
1018 1114 1065 1200 ως
1091 1117 1135 1207 μὴ
1160 1121 1245 1206 ἔχειν
1267 1117 1409 1206 άγνοιαν
1430 1144 1559 1204 προφα-

250 1225 407 1290 σίσασθαί
430 1245 533 1300 τινας.
561 1223 693 1288 δικαίαν
720 1216 786 1306 τὴν
809 1221 928 1304 κλῆσιν
954 1224 1151 1304 πεποίηται,
1184 1217 1225 1288 τὸ
1252 1215 1339 1286 κατά
1362 1215 1503 1305 δύναμιν
1525 1222 1560 1288 δὲ

251 1315 394 1388 ἑκάστου
425 1313 566 1389 άπαιτει.
610 1335 682 1400 τοις
711 1321 773 1406 μὲν
803 1314 865 1404 γάρ
898 1309 983 1406 ὁμσῦ
1014 1323 1064 1406 τῷ
1096 1323 1211 1388 θέλειν
1242 1323 1294 1386 καί
1328 1313 1369 1386 τὸ
1396 1313 1596 1388 δύνασθαιλ

250 1415 423 1506 πάρεστιν,
446 1421 483 1487 έκ
505 1413 735 1505 συνασκήσεως
758 1411 917 1504 ηύξηκύσι
946 1421 1052 1488 τοῦτο
1073 1425 1130 1486 καί
1151 1421 1426 1503 κεκαθαρμένοις·
1459 1419 1493 1486 οἳ
1514 1421 1558 1500 δέ,

250 1523 279 1586 εί
300 1523 354 1587 καί
377 1513 480 1604 μήπω
503 1513 679 1588 δύνανται.
711 1515 751 1586 τὸ
773 1513 955 1600 βούλεσθαι
982 1513 1046 1604 ἤδη
1073 1518 1211 1604 ἔχουσιν.
1255 1517 1354 1604 ἔργον
1377 1520 1412 1586 δὲ
1436 1513 1476 1586 τὸ
1498 1521 1559 1606 μέν

201 1629 233 1684 10
250 1613 433 1698 βούλεσθαι
454 1621 577 1705 ψυχῆς,
609 1614 650 1686 τὸ
677 1611 842 1704 πράττειν
868 1621 903 1686 δὲ
924 1611 986 1686 υύκ
1009 1615 1089 1685 άνευ
1110 1615 1276 1704 σώματος.
1320 1611 1397 1687 ούδὲ
1418 1613 1485 1705 μὴν
1507 1621 1594 1704 τῷὅ

251 1720 340 1787 τέλει
370 1733 633 1804 παραμετρειτυι
663 1711 760 1804 μόνω
793 1711 835 1784 τά
863 1712 1051 1804 πράγματα,
1075 1711 1161 1786 άλλὰ
1183 1721 1237 1784 καί
1261 1721 1304 1802 τῇ
1326 1711 1471 1786 ἑκάστου
1491 1721 1559 1802 κρί-

253 1844 346 1886 νεται
368 1822 566 1904 προαιρέσει,
591 1821 618 1886 εἰ
640 1817 765 1906 (ίρδίως
787 1817 907 1898 είλετο,
930 1820 958 1885 εί
979 1810 1035 1900 ίφ’
1058 1813 1109 1896 οίς
1132 1809 1280 1902 ἥμαρτεν
1296 1811 1507 1902 μετενόησεν,
1531 1819 1559 1884 εί

251 1913 384 1986 σύνεσιν
406 1919 523 2000 ἔλαβεν
545 1911 597 2002 ἐφ’
621 1915 671 1996 οίς
694 1918 861 1998 ἔπταισεν,
884 1921 939 1984 καὶ
961 1919 1124 2004 μετέγνω.
1148 1907 1231 2002 ὅπερ
1253 1917 1323 1984 έστὶ
1345 1912 1429 2002 μετὰ
1452 1919 1559 1984 ταῦτα

251 2018 350 2103 ἔγνω·
372 2021 507 2102 βραδεῖα
526 2014 589 2104 γάρ
605 2021 727 2104 γνῶσις
749 2010 921 2104 μετάνοια,
946 2020 1069 2101 γνῶσις
1087 2019 1122 2083 δὲ
1139 2009 1297 2102 ἡπρώτη
1321 2009 1558 2102 άναμαρτησία.

200 2129 232 2181 15
250 2121 396 2196 πίστεως
419 2107 480 2186 οῦν
502 2121 558 2185 καί
582 2111 601 2204 ἦ
622 2111 784 2204 μετάνοια
806 2109 1030 2200 κατόρθωμα·
1053 2112 1112 2183 ἐὰν
1135 2112 1197 2200 γὰρ
1218 2115 1263 2202 μὴ
1281 2110 1442 2200 πιστεύσῃ
1460 2108 1559 2202 άμάρ·
1577 2117 1654 2188 27ιὶ

251 2240 340 2302 τημα
371 2215 454 2284 είναι
486 2205 514 2302 ᾧ
545 2221 801 2302 προκατείχετο,
838 2209 915 2284 ούδὲ
950 2210 1191 2301 μεταθήσεται·
1227 2210 1293 2282 κάν
1322 2210 1367 2302 μὴ
1397 2212 1558 2300 πιστεύσῃ

250 2309 391 2385 κόλασιν
421 2321 483 2402 μὲν
512 2319 724 2402 ἐπηρτῆσθαι
755 2319 807 2402 τῷ
835 2317 1103 2401 πλημμελοῦντι,
1135 2319 1308 2400 σωτηρίαν
1336 2317 1371 2382 δὲ
1398 2319 1449 2400 τῷ
1471 2310 1560 2384 κατὰ

253 2411 313 2494 τὰς
335 2412 477 2495 ἐντολάς
501 2419 644 2500 βιοῦντι,
677 2408 751 2484 οὐδ’
775 2406 887 2494 ούτως
913 2421 1158 2500 μεταβαλεῖται.
1202 2408 1265 2500 ἤδη
1287 2417 1321 2480 δὲ
1344 2417 1399 2480 καὶ
1423 2407 1442 2498 ἦ
1465 2415 1560 2492 ἐλπίς

251 2517 289 2584 ἐκ
309 2518 457 2593 πίστεως
479 2519 685 2601 συνέστηκεν.
717 2507 888 2601 ὁρίζονται
904 2519 988 2600 γοῦν
1010 2513 1042 2580 οί
1065 2506 1133 2581 άπὸ
1150 2515 1350 2580 Βασιλείδου
1364 2509 1429 2598 τὴν
1443 2519 1560 2580 πίστιν
1579 2519 1596 2574 2

200 2629 234 2682 ‘20
251 2617 359 2700 ψυχῆς
381 2609 628 2700 συγκατάθεσιν
655 2608 741 2699 πρός
762 2641 796 2682 τι
820 2618 893 2682 τῶν
915 2609 959 2699 μὴ
981 2607 1175 2680 κινούντων
1197 2612 1355 2696 αἴσθησιν
1376 2609 1431 2680 διὰ
1453 2609 1493 2680 τὸ
1514 2609 1559 2698 μὴ

251 2729 414 2800 παρεῖναι.
458 2713 553 2791 ίλπίς
583 2715 618 2780 δὲ
648 2715 835 2799 προσδοκία
864 2709 1018 2798 κτήσεως
1048 2705 1192 2796 άγαθοῦ·
1224 2708 1350 2796 πιστὴν
1373 2713 1407 2778 δὲ
1430 2703 1559 2798 ἀνάγκη

253 2809 317 2900 τὴν
338 2815 546 2898 προσδοκίαν
567 2811 660 2879 είναι.
703 2807 824 2890 πιστὸς
850 2813 885 2878 δὲ
909 2805 928 2878 ύ
951 2803 1180 2898 άπαραβάτως
1206 2806 1387 2896 τηρητικὸς
1416 2813 1489 2876 τῶν
1509 2811 1559 2896 ἐγ·

250 2915 507 2998 χαρισθέντων·
538 2911 775 2998 ἐγχειρίζονται
798 2913 833 2979 δὲ
855 2905 934 2997 ἡμῖν
957 2911 989 2980 οί
1010 2915 1086 2995 περὶ
1114 2913 1196 2978 θεοῦ
1223 2902 1319 2996 λύγοι
1341 2911 1395 2976 καί
1418 2909 1450 2978 σί
1472 2915 1560 2978 θεῖοι

252 3007 362 3098 λύγοι.
394 3012 428 3079 αί
450 3012 598 3084 ἐντυλαί,
630 3007 691 3078 σύν
718 3015 760 3096 τῇ
783 3005 990 3094 καταπράξει
1017 3014 1090 3078 τῶν
1112 3001 1415 3095 παραγγελμάτων.
1458 2997 1596 3088 οῦτύςθ

200 3125 234 3180 2⁵
252 3113 345 3180 ἐστιν
370 3103 407 3179 »ὁ
431 3114 552 3188 δοῦλος
575 3101 594 3178 ὁ
616 3103 766 3190 πιστύςι,
790 3103 808 3176 ὁ
831 3105 918 3195 πρὸς
945 3113 1007 3178 τοῦ
1033 3113 1154 3196 κυρίου
1180 3103 1430 3194 ἐπαινούμενος.
1473 3105 1559 3176 ἐπὰν

253 3215 288 3278 δὲ
315 3212 392 3295 εἲπη
418 3205 555 3289 »πιστὸς
578 3201 596 3276 δ
624 3203 736 3288 θεός,ι
769 3197 796 3296 ᾧ
820 3202 1087 3296 άποφαινσμένῳ
1109 3203 1279 3276 πιστεύειν
1301 3203 1405 3289 ἄξιον,
1428 3203 1558 3293 μηνύει·

253 3303 481 3394 ἀποφαίνεται
504 3313 538 3378 δὲ
561 3301 579 3376 δ
602 3302 704 3395 λύγος
726 3302 842 3381 αύτοῦ,
865 3313 918 3376 καί
941 3301 1044 3386 αῦτὸς
1066 3303 1109 3375 ἂν
1124 3308 1172 3392 εἴη
1189 3301 1309 3386 πιστὸς
1325 3299 1343 3372 δ
1361 3299 1449 3386 θεός.
1484 3311 1560 3386 πῶς
1579 3315 1597 3369 4

253 3399 315 3478 οῦν
341 3411 369 3476 εἰ
395 3405 436 3476 τὸ
467 3403 637 3477 πιστεύειν
667 3401 918 3494 ὑπολαμβάνειν
949 3409 1036 3486 ἐστί,
1067 3409 1181 3489 βέβαια
1208 3401 1250 3474 τά
1277 3398 1359 3490 παρ’
1383 3399 1501 3473 αύτῶν
1528 3407 1560 3474 οί

254 3502 438 3592 φιλόσοφοι
465 3513 674 3594 νομίζουσιν,·
705 3501 745 3574 ού
772 3502 834 3594 γάρ
861 3508 954 3576 ἐστιν
979 3500 1149 3592 ύπόληφις
1172 3498 1192 3591 ἦ
1215 3499 1365 3583 ἑκούσιος
1386 3501 1455 3590 πρὸ
1478 3497 1560 3573 άπο-

201 3621 236 3676 30
254 3611 388 3692 δείξεως
415 3611 419 3694 ί
447 3602 704 3694 συγκατάθεσις.
736 3599 823 3675 άλλά
850 3600 1095 3692 συγκατάθεσις
1121 3607 1244 3690 ίσχυρῷ
1268 3629 1344 3672 τινι.
1388 3609 1439 3684 τίς
1461 3597 1494 3672 δ’
1518 3597 1561 3671 άν
1577 3613 1742 3682 nmen

255 3710 303 3794 εἴη
339 3703 576 3792 δυνατώτερος
612 3711 711 3786 θεοῦ;
746 3700 765 3792 ἡ
789 3707 824 3774 δὲ
857 3700 995 3774 ἀπιστία
1029 3699 1200 3791 ύπύληψις
1236 3706 1299 3772 τοῦ
1328 3695 1561 3788 ἀντικειμένου

255 3801 402 3896 άσθενὴς
418 3800 624 3894 άποηατική,
641 3801 797 3892 καθάπερ
813 3798 832 3892 ἡ
849 3809 1026 3874 δυσπιστία
1042 3801 1107 3887 ἕξις
1122 3797 1396 3888 δυσπαράδεκτος
1404 3805 1560 3881 πίστεως.

341 4025 454 4081 ¹o-12
474 4019 508 4080 οὐ
524 4031 564 4096 τῷ
582 4021 864 4094 τέλει-προαιρέσει
883 4024 955 4078 Suet.
974 4023 1034 4079 Par.
1051 4025 1100 4077 217
1113 4020 1179 4075 Holl
1262 4019 1326 4076 191
1341 4018 1395 4086 νηί.
1408 4017 1564 4074 Theodoret

255 4111 299 4166 Gr.
319 4113 362 4165 αθ.
381 4127 403 4164 υ.
424 4111 433 4162 1
452 4111 493 4164 91.
513 4111 574 4170 ίίιῖς
598 4105 765 4176 Hilgenfeld,
785 4108 975 4178 Ketzergosch.
993 4109 1018 4162 8.
1031 4109 1082 4162 226
1163 4105 1201 4160 25
1220 4104 1319 4159 Μοίλίι.
1337 4107 1378 4170 24,
1397 4107 1443 4166 45;
1471 4104 1512 4168 25,
1530 4103 1561 4156 21

289 4197 328 4251 26
353 4195 447 4249 lKor.
469 4197 490 4260 1,
509 4193 537 4258 93
565 4197 605 4255 λθ,
624 4195 669 4254 13ς
697 4191 721 4244 ΙΙ
741 4191 804 4246 Kor.
824 4195 848 4258 1,
867 4194 899 4246 18

339 4385 359 4442 4
382 4383 626 4455 πεισθησομένοις
648 4383 683 4452 Sy
709 4381 974 4452 πειθησσμέιονςίι
1054 4381 1099 4438 M
1121 4375 1327 4448 τὸ-ἀπαιτεῖ]
1350 4373 1564 4450 την-ἀπαιτεῖν

258 4471 353 4526 Lowth
437 4471 450 4526 λ
477 4469 525 4540 τῷ]
543 4467 575 4524 τδ
594 4469 641 4522 Ma
723 4463 1316 4538 11μόνῳπαραμιιρεῐιαιωειαὴ.
1398 4461 1564 4532 πράγματα]

257 4555 393 4624 γινόμενα
415 4555 488 4610 Suet.
511 4554 571 4608 Par.
662 4553 698 4608 27
725 4549 820 4620 αὐτὸς]
846 4543 936 4614 ούιως
959 4549 1045 4604 Ηὶλίει·
1071 4549 1155 4607 (wohl
1179 4549 1229 4602 mit
1250 4547 1347 4603 neem>
1436 4547 1463 4616 [δ
1486 4545 1565 4614 θεός]

257 4639 354 4694 Ιιοτιθι
378 4635 394 4694 δ
412 4641 498 4708 λόγος
521 4637 567 4692 Ma
647 4637 713 4694 w
733 4637 788 4708 πρὸ
807 4633 978 4700 ἀποδείξεως
995 4633 1031 4703 Sy
1050 4633 1279 4704 προαποδείξεως
1297 4631 1318 4686 L
1391 4632 1432 4688 θθ
1451 4631 1564 4702 ίσχιρῶι

257 4719 279 4792 (ί
295 4723 323 4776 in
342 4723 414 4788 Βεε.)
433 4724 466 4778 L·
