3726 5528
649 533 788 590 stromata
806 533 838 590 V.
861 533 925 605 Cup.
938 535 958 588 1.
976 535 1124 600 ι,1-7,3.
1484 543 1545 608 329

235 701 429 783 στρέφοντα
452 693 679 786 (ἀντιστρέφει
701 693 778 768 δὲ“
758 727 779 768 α
801 703 856 768 ιιαὶ
879 715 951 778 τοῖς
975 693 1037 768 τόν
1059 699 1218 768 έναντίον
1239 707 1414 822 χειρίζουσι
1437 696 1544 790 λόγον

235 792 293 868 ἐπ’
317 801 389 886 ἴσης
411 799 503 868 ἔστιν
526 804 643 875 εἰπεῖν,
674 795 722 878 ῶς
749 797 790 868 τό
813 803 842 868 εί
869 804 959 886 ζῷον
982 795 1022 866 τό
1044 797 1132 868 κατὰ
1154 797 1296 886 γαστρὸς
1320 793 1340 886 6
1363 795 1404 870 06
1426 807 1543 890 ζῷον)·

236 893 399 984 τέταρτός
422 901 491 966 ἐστι
515 895 653 984 τρόπος,
677 889 762 968 όταν
783 899 821 967 έκ
840 901 991 982 θατερου
1006 895 1144 968 τούτων
1158 903 1278 986 μέροις
1293 893 1543 988 ἀναντίρρητον

235 1002 291 1067 καί
323 995 452 1068 ἀλυτον
482 993 658 1085 ίνθόμημα
687 1004 916 1085 προτείνηται
959 1001 988 1066 εί
1019 992 1187 1068 τοίνυν
1169 1027 1188 1086 η
1220 1004 1282 1068 τοῦ
1313 1007 1423 1087 ζητεῖν
1453 1003 1581 1070 αίτίαῖ

202 1095 323 1168 ῡκατά
346 1091 480 1178 πάντας
502 1096 582 1179 τούς
605 1091 752 1184 τρόπους
775 1093 968 1182 ἀναιρεῖται,
990 1103 1102 1178 πίστις
1125 1103 1340 1184 ἐμπεδοῦται·
1367 1107 1544 1186 προτείνο-

236 1223 297 1282 μεν
324 1195 386 1284 γὰρ
414 1191 528 1278 αότοῖς
559 1195 599 1266 τό
630 1193 880 1284 ἀναντίρρητον
909 1201 1032 1278 έκεῖνο,
1064 1190 1083 1266 6
1111 1191 1130 1266 6
1158 1194 1239 1278 θεός
1265 1199 1358 1268 ἐστιν
1387 1193 1406 1266 ό
1434 1203 1545 1286 λέγων

236 1300 290 1366 καὶ
312 1301 387 1380 περί
408 1294 483 1376 ἑνὸς
499 1293 643 1367 ἑκάστου
658 1287 709 1366 ῶν
724 1299 872 1386 ἐπιζητῶ
888 1295 1054 1384 παριστὰς
1069 1293 1253 1385 ἐγγράφως.
1291 1303 1341 1378 τίς
1356 1289 1418 1366 οὖν
1433 1290 1545 1380 οὕτως
1563 1309 1621 1378 61

237 1395 341 1478 ἀθεος
364 1393 445 1484 (ῶς)
469 1391 622 1467 ἀπιστεῖν
653 1401 725 1484 θεῷ
756 1403 812 1466 καὶ
843 1393 903 1477 τάς
936 1391 1124 1482 ἀποδείξεις
1156 1393 1203 1476 ῶς
1229 1395 1320 1484 παρά
1342 1391 1545 1484 ἀνθρώπων

236 1489 394 1566 ἀπαιτεῖν
421 1501 483 1566 τοῦ
510 1501 608 1578 θεοῦ,·
637 1491 744 1567 πάλιν
765 1501 840 1566 τῶν
867 1493 1071 1584 ζητημάτων
1094 1492 1115 1564 6
1136 1501 1197 1584 μὲν
1219 1493 1406 1584 αἰσθήσεως
1428 1503 1544 1572 δεῖται,

186 1607 220 1662 10
238 1593 313 1666 οἷον
334 1595 394 1665 ἐὰν
417 1601 500 1682 ζητῇ
523 1623 587 1678 τις,
611 1600 640 1664 εί
663 1592 703 1664 τό
725 1599 792 1682 πῦρ
815 1592 944 1682 θερμόν
967 1589 987 1682 6
1010 1591 1030 1684 6
1052 1595 1137 1682 χιών
1159 1593 1272 1685 λευκή·
1309 1595 1387 1666 τινὰ
1409 1601 1445 1666 δὲ
1469 1623 1544 1668 νοτ·-

237 1700 353 1776 θεσίας
372 1699 427 1765 καί
444 1691 662 1782 ἐπιπλήξεως,
686 1691 734 1776 ῶς
749 1717 851 1782 φησιν
865 1690 1108 1782 Ἀριστοτέλης,
1132 1692 1180 1778 ῶς
1196 1693 1236 1764 τό
1252 1693 1410 1782 ίρῶτημα
1426 1698 1544 1774 έκεῖνο,

239 1799 266 1864 εί
287 1794 350 1884 χρὴ
373 1812 482 1881 γονεῖς
505 1799 613 1882 τιμᾶν.
657 1795 751 1863 ἔστιν
772 1798 808 1862 δὲ
830 1789 851 1862 6
873 1801 928 1864 καί
949 1791 1122 1876 κολάσεως
1144 1793 1232 1880 ἀξια,
1265 1789 1389 1864 όποῖόν
1410 1799 1481 1866 έστι
1503 1794 1544 1866 τό

238 1899 345 1964 αἰτεῖν
366 1889 567 1979 ἀποδείξεις,
591 1897 620 1964 εί
640 1887 787 1980 πρόνοιά
810 1896 889 1964 ἐστι.
924 1901 1090 1980 προνοίας
1112 1900 1232 1966 τοίνυν
1254 1885 1369 1981 οόσης,
1391 1894 1437 1984 μὴ
1458 1895 1582 1966 κατά2

237 1989 407 2080 πρόνοιαν
436 1999 609 2081 γεγονέναι
639 1997 752 2063 πᾶσαν
783 1989 849 2080 τήν
879 2021 915 2064 τε
947 2001 1162 2082 προφητείαν
1194 1999 1248 2063 καί
1280 1992 1345 2082 τὴν
1376 2001 1451 2083 περὶ
1483 1992 1546 2064 τόν

188 2107 221 2162 15
240 2098 379 2180 σωτῆρα
401 2097 600 2179 οἰκονομίαν
621 2087 774 2180 ἡγεῖσθαι
796 2087 945 2166 ἀνόσιον
972 2099 1027 2164 καί
1050 2097 1131 2176 ίσως
1153 2088 1271 2180 οόδὲχ
1251 2093 1315 2183 χρὴ
1337 2093 1381 2164 τά
1404 2099 1547 2166 τοιαῦτα

239 2197 419 2276 πειρᾶσθαι
450 2187 704 2272 ἀποδεικνύναι,
738 2197 886 2278 φανερᾶς
916 2185 1017 2282 οὔσης
1048 2199 1108 2312 τῆς
1139 2199 1234 2276 θείας
1259 2195 1466 2282 προνοίας”
1451 2221 1486 2260 ιιι
1510 2220 1546 2262 τε

240 2295 301 2378 τῆς
323 2281 437 2374 ὄψεως
459 2297 533 2360 τῶν
554 2285 738 2380 ὁρωμένων
759 2287 912 2364 πάντων.
936 2299 1100 2379 τεχνικῶν
1121 2299 1176 2362 καὶ
1196 2299 1318 2378 σοφῶν
1332 2289 1545 2380 ποιημάτων.

238 2397 294 2460 καί
326 2395 399 2460 τῶν
428 2418 489 2478 μεν
520 2387 612 2480 τάξει
643 2396 842 2478 γινομένων
874 2398 947 2462 τῶν
974 2396 1009 2460 δὲ
1038 2387 1128 2474 τάξει
1155 2398 1431 2479 φανερουμένων·
1468 2385 1582 2464 όδὲῖι

239 2488 403 2577 μεταδούς
434 2484 515 2578 ημῖν
544 2495 608 2560 τοῦ
639 2491 723 2560 εἶναί
755 2517 792 2560 τε
821 2497 875 2560 καί
908 2495 968 2578 ζῆν
997 2495 1230 2578 μεταδέδωκεν
1260 2497 1315 2560 καί
1341 2496 1405 2562 τοῦ
1420 2489 1544 2609 λόγου,

189 2601 223 2656 20
241 2595 386 2676 λογικῶς
417 2617 454 2658 τε
485 2582 552 2678 όμα
581 2595 637 2660 καί
668 2581 705 2660 εὖ
736 2595 796 2677 ζῆν
822 2585 996 2660 ἐθέλων
977 2595 1073 2678 ημᾶς·
1110 2584 1214 2678 ὁγὰρ
1236 2595 1299 2660 τοῦ
1321 2587 1451 2676 πατρὸς
1473 2595 1547 2659 τῶν

241 2681 336 2759 όλων
358 2683 459 2778 λόγος
481 2685 542 2776 οόχ
564 2681 665 2771 οὗτός
688 2683 820 2758 ἐστινι
802 2717 820 2758 ο
842 2683 1067 2774 προφορικός,
1099 2697 1203 2774 σοφία
1224 2693 1260 2760 δὲ
1282 2696 1337 2760 καί
1358 2685 1547 2777 χρηστότης

241 2785 467 2876 φανερωτάτη
502 2793 565 2860 τοῦ
602 2793 686 2860 θεοῦ
726 2785 881 2877 δύναμίς
915 2815 953 2856 τε
983 2777 1025 2856 αὖ
1059 2787 1255 2876 παγκρατὴς
1290 2795 1346 2858 καὶ
1382 2795 1433 2877 τῷ
1470 2815 1547 2860 οντι
1564 2798 1648 2854 6471)

241 2895 331 2965 θεία,
364 2883 441 2958 οόδε
473 2907 545 2970 τοῖς
577 2888 623 2978 μη
654 2882 879 2976 όμολογοῐσιν
911 2881 1159 2975 ἀκατανόητος
1190 2893 1323 2974 θέλημα
1352 2915 1547 2976 παντοκρα·

241 2985 388 3074 τοριιιόν.

190 3100 223 3154 25
323 3083 411 3158 Ἐπεὶ
434 3092 468 3157 δὲ
491 3091 526 3156 οἳ
545 3093 606 3174 μὲν
628 3085 779 3161 ἄπιστοι,
810 3089 844 3156 οἳ
864 3090 900 3158 δὲ
927 3091 1101 3174 ἐριστικοί,
1132 3081 1174 3156 οό
1194 3083 1322 3168 πάντες
1346 3083 1545 3174 τυγχάνουσι
1567 3097 1621 3162 ῖ,1

241 3191 302 3274 τῆς
333 3185 550 3274 τελειότητος
581 3193 644 3258 τοῦ
675 3181 815 3274 ἀγαθοῦ.
864 3177 943 3256 αι’·τε
973 3183 1035 3274 γὰρ
1067 3185 1148 3255 ἀνευ
1178 3191 1405 3272 προαιρέσεως
1436 3205 1546 3273 τυχεῖν

241 3282 317 3356 οἷόν
340 3313 386 3368 τε,
408 3281 449 3356 06
470 3285 537 3374 μὴν
558 3282 635 3356 οάδέ
658 3284 698 3355 τὸ
720 3291 792 3356 πᾶν
811 3289 865 3356 ἐπὶ
887 3291 931 3372 τῇ
952 3283 1069 3372 γνῶμη
1093 3292 1134 3374 τῇ
1158 3281 1301 3376 ἡμετέρᾳ
1322 3305 1439 3361 κεῖται,
1471 3285 1547 3356 οίον

242 3382 282 3453 τὸ
314 3379 580 3474 ἀποβησόμενον.
625 3381 754 3474 »χάριτι
784 3383 846 3472 γάρ
878 3381 1092 3472 σῳζόμεθατ,
1123 3381 1186 3454 οόκ
1217 3383 1298 3456 ἀνευ
1327 3391 1445 3472 μέντοι
1473 3390 1583 3455 τῶνθ

241 3490 359 3555 καλῶν
389 3485 508 3572 ἔργων,
540 3481 625 3556 ἀλλὰ
656 3490 707 3554 δεῖ
735 3490 798 3572 μἐν
827 3477 1021 3570 πεφυκότας
1050 3481 1136 3570 πρὸς
1166 3483 1207 3554 τὸ
1237 3479 1372 3573 ἀγαθὸν
1397 3479 1549 3571 σπουδήν

189 3594 224 3650 ³0
241 3611 319 3654 τινα
339 3581 624 3672 περιποιήσασθαι
646 3582 732 3669 πρὸς
754 3579 850 3654 αότό·
878 3585 983 3652 δεῖδὲ
1006 3589 1061 3652 καὶ
1084 3582 1149 3672 τὴν
1170 3582 1313 3671 γνῶμην
1333 3579 1410 3672 όγιῆ
1432 3587 1584 3672 κεκτηθ

242 3691 322 3754 σθαι
344 3681 409 3772 τὴν
430 3678 665 3772 ἀμετανόητον
678 3681 765 3770 πρὸς
780 3680 843 3770 τὴν
865 3677 976 3770 θήραν
992 3687 1054 3751 τοῦ
1071 3688 1187 3759 καλοῦ,
1202 3681 1289 3770 πρὸς
1305 3677 1388 3766 ὅπερ
1402 3680 1546 3770 μάλιστα

327 3911 345 3966 2
374 3911 429 3980 vgl.
452 3911 550 3965 Strom.
570 3909 633 3962 Vlll
661 3911 710 3965 911
801 3907 896 3962 9-18
923 3907 978 3974 ml.
1001 3908 1114 3964 Aristot.
1137 3909 1229 3980 Τορία
1249 3913 1276 3970 1,
1296 3913 1326 3963 11
1351 3927 1376 3979 p.
1396 3911 1465 3962 165·
1483 3909 1550 3962 3-9

242 3991 277 4050 οὐ
298 3997 343 4050 δεῖ
359 3995 388 4050 δὲ
407 4001 463 4050 πᾶν
481 3995 632 4068 πρόβλημα
651 3991 715 4050 οὐδὲ
734 3999 828 4048 πᾶσαν
847 3991 929 4046 θέσιν
947 3989 1123 4048 ἐπισκοπεῖν·
1141 3985 1249 4064 ἀλλ’ίίν
1267 3989 1438 4062 ἀπορήσειεν
1456 3989 1492 4046 ἀν
1509 4010 1551 4056 τις

241 4083 299 4136 τῶν
324 4079 413 4150 λόγον
439 4077 593 4148 δεομένων,
619 4081 669 4134 καί
694 4081 734 4148 μη
756 4075 902 4142 κολάσεως
925 4075 941 4144 6
964 4073 1132 4146 αἰσθήσεως.
1167 4073 1195 4134 οί
1216 4076 1269 4146 μὲν
1292 4077 1348 4148 γάρ
1366 4074 1550 4146 ἀποροῦντες,

243 4163 367 4234 πότερον
393 4167 437 4218 δεῖ
456 4161 521 4228 τοός
544 4161 629 4228 θεοὺς
651 4169 737 4232 τιμᾶν
759 4164 806 4218 καί
829 4169 895 4226 τοῦς
912 4167 1006 4230 γονεῖς
1024 4157 1140 4231 ἀγαπᾶν
1157 4159 1175 4229 6
1193 4155 1240 4228 οδ,
1267 4159 1413 4226 κολάσεως
1430 4159 1550 4224 δέονται,

243 4245 271 4304 οί
288 4247 318 4302 δέ
325 4290 330 4310 ,
354 4247 477 4320 πότερον
496 4249 510 4315 6
528 4245 600 4316 χιὼν
617 4249 700 4316 λειιιη
721 4244 737 4314 6
756 4239 802 4312 οδ,
825 4243 991 4314 αἰσθήσεως.
1028 4243 1092 4300 αι’θε
1110 4247 1141 4316 δη
1161 4237 1201 4300 ὧν
1221 4243 1357 4316 σι’νεγγυς
1375 4246 1389 4314 ὴ
1409 4241 1551 4310 ἀπόδειξις

243 4327 306 4386 οὐδ’
323 4323 365 4386 ὧν
386 4331 449 4386 λίαν
472 4331 588 4403 πόρρω·
612 4329 646 4386 τά
669 4329 722 4400 μὲν
740 4329 795 4402 γὰρ
814 4328 866 4384 οὐκ
883 4323 940 4398 ἔχει
958 4327 1094 4400 ἀπορίαν,
1113 4331 1147 4384 τά
1165 4329 1195 4385 δὲ
1213 4330 1300 4384 πλείω
1318 4327 1334 4398 6
1352 4325 1426 4385 κατὰ
1444 4347 1549 4398 γυμνα-

243 4415 347 4486 στικίχν.
428 4415 563 4485 281v31.
584 4413 720 4470 ΡαοιΗίί
740 4415 781 4478 ιθ,
802 4413 1083 4480 1;81τοια.1ίδί,4
1165 4415 1203 4470 28
1223 4413 1398 4484 1]ρ1ιεε.2,5

330 4617 371 4672 11
394 4615 435 4680 τίς
456 4609 506 4672 οὖν
530 4613 605 4672 ιιίτία
625 4611 719 4679 ἀθέως
736 4611 864 4668 ἀπιστεῖν
881 4613 1001 4669 ίεοίιεοπ
1084 4607 1212 4678 λοίτως
1230 4613 1261 4668 St
1279 4609 1358 4670 έτιΙι
1441 4608 1549 4682 θῶες)

243 4701 290 4756 Ma
307 4693 383 4768 <οίδς
400 4695 437 4756 τ’,
456 4701 536 4754 Schw
618 4701 656 4754 10
678 4695 704 4754 εἰ
722 4697 753 4752 τὸ
771 4715 839 4752 corr.
858 4715 906 4752 aus
924 4696 965 4762 είς
982 4696 1014 4752 τό
1035 4698 1067 4752 L¹
1150 4699 1185 4754 17
1206 4695 1322 4754 πάντων
1341 4701 1426 4766 (τῶν)
1446 4697 1492 4752 Μο
