3784 5532
643 559 782 618 Βίτοωείε
801 559 819 612 1.
841 558 906 632 Cap.
918 558 1016 614 xxlv.
1034 561 1092 626 158,
1104 559 1213 624 3—162,
1225 559 1250 614 3.
1540 567 1596 630 101

291 727 329 792 ἐν
352 729 403 812 τῷ
425 718 634 814 άμύναοθαι,
663 721 715 806 οίς
735 727 964 812 ἐμπεριέχεται
987 719 1008 813 6
1030 723 1074 794 τό
1095 729 1206 796 δίκαια
1226 727 1414 806 ποιοῦντας
1435 717 1457 812 6
1479 727 1598 810 ψευδο·

291 827 413 914 μένους
434 817 456 912 6
478 819 725 914 ἀληθεύοντας,
751 820 772 914 6
793 831 849 895 καί
872 821 1011 896 τούτων
1033 815 1099 912 άμα
1122 829 1187 894 τισί
1208 827 1403 912 χρωμένους
1423 821 1512 896 κατά
1533 821 1598 895 τόν

292 918 399 994 αύτόν
419 920 548 1010 καιρόν.
591 929 699 994 ταῦτα
719 929 756 996 δέ
777 921 956 1013 σύμπαντα
982 929 1037 994 καὶ
1064 921 1105 994 τὸ
1126 929 1202 1006 πῶς
1223 928 1275 994 δεῖ
1293 927 1437 1012 χρῆσθαι
1459 920 1596 994 τούτων
1614 930 1633 984 8

291 1019 422 1112 ἑκάστῳ
453 1021 546 1110 παρά
581 1028 753 1106 Μωυσέως
789 1019 953 1106 λαβόντες
975 1015 1135 1112 Ἕλληνες
1166 1017 1372 1112 ὠφέληνται.
1423 1019 1535 1094 τύπου
1562 1027 1634 1092 δ11

254 1120 404 1192 δένεκεν
435 1119 510 1205 ἐνὸς
540 1117 562 1212 6
591 1129 647 1194 καί
678 1127 838 1210 δευτέρου
872 1119 1164 1212 ἐπιμνησθήσομαι
1197 1128 1469 1212 παραδείγματος
1498 1147 1597 1212 στρα-

291 1225 437 1310 τηγικοῦ
481 1227 629 1310 Μωυσῆς
660 1219 724 1294 τόν
753 1219 839 1294 λαόν
868 1217 1089 1312 ἐξαγαγων’
1068 1219 1283 1305 υποπτεύσας
1305 1221 1495 1310 ἐπιδιιόξειν
1517 1221 1597 1306 τούς

292 1325 500 1408 ,ίίγυπτίονς
522 1317 588 1410 τήν
610 1315 729 1412 όλίγην
748 1327 805 1394 καί
820 1319 993 1442 σύντομον
1007 1317 1191 1394 όπολιπόιν
1210 1315 1293 1393 ὁδόν
1314 1321 1429 1393 ἐπί
1392 1351 1456 1410 την
1471 1325 1597 1444 ἔρημον

290 1421 451 1505 ἐτρέπετο
479 1427 535 1490 καί
563 1417 701 1507 νύκτωρ
727 1419 771 1492 τό
796 1419 910 1494 πολλά
932 1428 975 1542 τῇ
996 1427 1116 1514 πορείᾳ
1137 1424 1304 1510 ἐκέχρητο.
1347 1423 1446 1509 ἑτέρα
1468 1421 1531 1511 γάρ
1555 1413 1634 1512 ήνο

290 1523 480 1607 οἰκονομία,
514 1516 597 1592 καθ’
629 1519 671 1612 ἣν
706 1521 928 1592 ἐπαιδεύοντο
957 1517 1102 1610 Ἑβραῖοι
1131 1515 1178 1592 δι’
1209 1525 1345 1610 ἐρημίας
1379 1527 1511 1612 πολλής
1541 1531 1597 1594 καί

238 1629 272 1682 11)
288 1615 413 1706 χρόνου
437 1625 578 1710 μακροῦ,
600 1624 648 1702 είς
668 1615 777 1709 μόνον
799 1617 840 1690 τό
861 1617 1032 1690 πιστεύειν
1054 1617 1224 1692 τὸνθεόν
1247 1621 1331 1692 είναι
1352 1615 1442 1692 δι’
1421 1627 1597 1711 υπομονής

289 1714 480 1806 ἐθιζόμενοι
506 1717 693 1807 σώφρονος.
737 1715 778 1790 τό
805 1725 888 1808 γοῦν
913 1715 1132 1810 στρατήγημα
1159 1725 1222 1790 τοῦ
1249 1727 1422 1805 Μωυσέως
1448 1718 1596 1794 διδάσκει
1615 1731 1711 1788 11111

290 1817 356 1904 πρὸ
388 1824 461 1889 τῶν
490 1815 662 1890 κινδύνων
691 1823 760 1889 δεῖν
790 1817 834 1890 τά
863 1815 1006 1908 χρήσιμα
1036 1823 1180 1890 συνιδεῖν
1203 1827 1259 1890 καί
1282 1813 1395 1904 οῦτως
1416 1823 1595 1906 ἐ.πιβαλεῖν

289 1913 401 2006 άμέλει
433 1909 619 2006 γέγονενἸ
600 1945 684 2006 οπερ
710 1925 766 1989 καὶ
793 1915 1029 1990 ύπιάπτευσεν·
1060 1921 1247 2004 ἐπεδίωξαν
1273 1917 1336 2008 γάρ
1360 1923 1392 1992 οί
1414 1918 1631 2010 Αίγύπτιοιθ

288 2011 345 2102 ἐφ’
367 2019 486 2088 ἵππων
507 2010 604 2088 καί’
585 2011 776 2107 σχημάτων,
799 2012 878 2090 ἄλλ’
900 2013 1087 2090 άποόλοντο
1114 2023 1249 2090 θᾶττον
1275 2019 1429 2108 ῥαγείσης
1451 2023 1511 2108 τῆς
1534 2029 1595 2090 θα-

236 2137 269 2188 15
288 2111 412 2204 λύσσης
433 2123 489 2186 καί
511 2115 572 2187 σύν
593 2117 712 2200 ίπποις
733 2123 789 2188 καί
816 2107 959 2206 άρμαοιν
990 2113 1113 2201 αύτούς
1143 2114 1411 2208 κατακλυσάσης,
1443 2113 1492 2200 τός
1512 2125 1594 2244 μηδὲ

289 2223 453 2302 λείψανον
483 2211 601 2288 αὐτῶν
631 2212 894 2306 ἀπολειφθῆναι
936 2215 1021 2306 μετά
1052 2223 1087 2290 δὲ
1118 2223 1226 2290 ταῦτα
1248 2224 1371 2300 στῦλος
1392 2217 1498 2307 πυρὸς
1516 2213 1593 2288 επό-
1613 2227 1631 2282 θ

287 2341 388 2402 μενος
409 2311 545 2405 (αδδήγει
567 2315 630 2404 γὰρ
653 2319 855 2406 εμπροσθεν
877 2307 1046 2404 αύτιῦν)’
1029 2345 1086 2406 ηγε
1109 2315 1244 2408 νύκτωρ
1262 2317 1343 2402 τούς
1356 2313 1524 2406 Ἐβραίους
1546 2313 1592 2390 δι’
1609 2327 1694 2384 418Ρ

288 2407 475 2498 άβάτου,ἐ
477 2443 497 2484 ν
522 2411 642 2498 πόνοις
667 2423 724 2486 καί
746 2409 1012 2504 όδοιπορίαις’
983 2445 1029 2500 εις
1051 2445 1088 2488 τε
1111 2413 1266 2506 ἀνδρείαν
1288 2421 1334 2502 είς
1355 2447 1390 2489 τε
1413 2425 1594 2506 καρτερίαν

287 2509 469 2602 γυμνάζων
489 2521 545 2586 καί
568 2513 780 2604 συμβιβάζων
802 2513 935 2598 αύτούς,
958 2519 1013 2586 ίνα
1033 2522 1089 2586 καί
1103 2515 1230 2606 χρηστά
1250 2517 1293 2588 τά
1309 2521 1370 2606 τῆς
1383 2515 1496 2606 χώρας
1508 2515 1593 2606 μετά

234 2633 269 2687 2ο
289 2609 353 2700 τήν
382 2631 504 2702 πεῖραν
536 2623 609 2688 τῶν
642 2612 844 2687 δοκούντων
865 2621 987 2688 δεινῶν
1008 2621 1113 2704 φανῇ,
1141 2615 1235 2698 είς”
1214 2645 1257 2708 ην
1278 2622 1313 2703 ἐξ
1333 2613 1472 2698 άνοδίας
1492 2622 1593 2704 παρέ-

286 2737 419 2798 πεμπεν
441 2710 572 2798 αύτούς.
616 2721 671 2786 ναί
698 2712 765 2804 μήν
790 2720 846 2784 καί
874 2712 955 2796 τούς
981 2721 1165 2804 πολεμίους
1193 2713 1272 2798 τούς
1295 2721 1356 2805 τῆς
1376 2715 1489 2806 χώρας
1510 2744 1592 2803 προ·
1612 2721 1678 2780 ¹⁰2
1694 2721 1708 2776 l

287 2819 534 2903 καθεζομένους
555 2810 822 2904 τροπωσάμενος
843 2809 1041 2886 α’πέκτεινεν
1061 2819 1097 2900 ἐξ
1118 2811 1243 2904 ἐρήμου
1264 2822 1320 2886 καί
1343 2823 1496 2904 τραχείας
1511 2809 1594 2888 ὁδοῦ

287 2909 443 3000 (τοιαύτη
466 2909 530 3002 γάρ
552 2909 573 3004 6
594 2909 698 3002 άρετή
721 2941 784 2986 του
769 2919 1042 3001 στρατηγικοῦ)
1057 2915 1258 3004 ἐπιθέμενος
1272 2909 1396 2998 αὐτοῖς.
1424 2919 1595 3004 ἐμπειρίας

288 3007 350 3098 γάρ
371 3018 426 3082 καί
449 3021 652 3104 στρατηγίας
674 3003 814 3102 ἐργον’
796 3040 839 3102 ην
861 3009 902 3082 τὸ
926 3009 990 3102 τήν
1010 3011 1125 3102 χώραν
1147 3020 1221 3084 τῶν
1239 3021 1417 3134 πολεμίων
1431 3021 1552 3102 λαβεῖν.

234 3129 269 3181 25)
374 3117 479 3182 Τοῦτο
471 3105 871 3236 666166666666669‘
852 3141 871 3182 ο
888 3117 961 3182 τῶν
970 3107 1162 3202 Ἀθηναίων
1176 3106 1398 3203 στρατηγόςό
1415 3143 1457 3203 τη
1442 3117 1510 3185 ’ἐν
1521 3121 1629 3184 Μία

287 3215 421 3294 ραθῶνι
435 3205 521 3300 μάχη
537 3209 673 3302 νικήσας
688 3211 770 3296 τούς
785 3217 913 3298 Πέρσας
928 3207 1111 3302 ἐμιμήσατο
1128 3207 1278 3283 τόνδε
1243 3241 1306 3284 τον
1322 3207 1468 3301 τρόπον·
1492 3209 1592 3302 ήγαγε

288 3307 368 3390 τούς
379 3304 594 3434 ’Ἀθηναίους
630 3309 767 3402 νύκτωρ
801 3307 847 3384 δι’
879 3307 1017 3393 άνοδίας
1049 3317 1186 3400 βαδίσας
1220 3320 1277 3384 καί
1306 3309 1480 3434 πλανήσας
1513 3313 1593 3394 τοῦς

288 3414 479 3497 τηροῦντας
508 3407 615 3484 αύτόν
646 3419 720 3534 τιῦν
748 3409 941 3500 βαρβάρων·
978 3406 997 3482 6
1025 3411 1087 3502 γάρ
1112 3405 1239 3492 Ἱππίας
1265 3405 1383 3482 ὁτῶν
1404 3407 1593 3502 Ἀθηναίων

286 3501 439 3592 άποστάς
460 3507 605 3600 ἐπήγαγε
635 3511 716 3596 τούς
741 3508 928 3600 βαρβάρους
953 3515 1000 3594 είς
1027 3511 1091 3600 τήν
1111 3507 1267 3600 ’.ίττικήν
1289 3517 1343 3582 καί
1366 3511 1447 3596 τούς
1468 3515 1592 3584 ἐπικαί-

231 3624 269 3674 3ο
286 3633 366 3692 ρους
396 3615 470 3678 τῶν
500 3607 622 3682 τόπων
651 3605 997 3729 προκαταλαβόμενος
1026 3607 1217 3731 ἐφύλαττεν
1247 3609 1300 3684 διά
1329 3609 1371 3682 τό
1398 3617 1458 3700 τῆς
1479 3611 1592 3702 χώρας

286 3709 372 3794 ἐχειν
406 3707 471 3798 τήν
501 3713 681 3800 ἐμπειρίαν.
725 3713 825 3798 ἔργον
855 3715 916 3800 μὲν
947 3701 1008 3782 οῦν
1039 3701 1082 3798 ἦν
1104 3709 1167 3782 τὸν
1188 3705 1318 3782 Ἱππίαν
1340 3721 1475 3789 λαθεῖν,
1509 3703 1629 3782 όθενθ

286 3801 470 3892 είκότως’
451 3839 470 3880 ο
494 3805 681 3900 Μιλτιάδης
707 3806 975 3898 συγχρησάμενος
996 3805 1114 3900 άνοδίη
1138 3817 1251 3881 τεκαὶ
1274 3817 1369 3880 νυκτί
1391 3813 1591 3899 ἐπιθέςμενο

370 4033 462 4088 11-11
487 4031 787 4101 τς1.Ρ1δῙο,1)ετίίε
804 4031 872 4085 Μαι.
892 4031 901 4082 Ι
922 4031 971 4086 161
988 4031 1022 4099 (11
1043 4049 1068 4102 p.
1087 4029 1213 4093 1116111)
1239 4023 1290 4087 εἶτ’
1308 4028 1376 4103 ήγεν
1402 4028 1503 4096 αύτούς
1530 4027 1565 4086 οίι
1585 4084 1589 4098 ,

284 4117 335 4184 τήν
357 4111 508 4184 ἐπίτομον,
531 4109 593 4184 ἅμα
613 4115 667 4184 μὲν
688 4113 867 4190 εὐλαβηθείς,
889 4115 928 4183 μή
947 4106 1023 4180 ποθ’,
1043 4111 1276 4170 ίτταντιασὰντων
1293 4121 1350 4172 τῶν
1368 4113 1526 4188 οἰκητόρων
1543 4111 1589 4169 διὰ

285 4199 380 4270 φδβον
401 4197 584 4264 ἀναστάσεως
605 4203 654 4256 καί
674 4197 905 4272 ἀνδραποδισμοῦ
926 4201 975 4254 καί
997 4195 1153 4270 γενομένου
1175 4197 1314 4268 πολέμου,
1331 4199 1415 4256 πάλιν
1433 4201 1484 4268 τήν
1501 4197 1589 4266 αὐτήν

285 4281 354 4338 δδδν
377 4277 593 4356 θααστρέηιαισιν
610 4283 651 4350 είς
668 4281 823 4356 Αἴγυπτον.
842 4323 947 4339 ......
966 4275 1027 4352 άμα
1049 4281 1079 4338 δὲ
1096 4283 1145 4336 καί
1161 4283 1337 4354 βουλόμενος
1354 4281 1457 4350 αὐτούς
1474 4275 1509 4338 δι’
1526 4283 1587 4356 έρή·

282 4383 340 4436 μης
365 4361 445 4438 ἄγων
469 4369 519 4424 καί
540 4375 653 4440 μακρᾶς
669 4366 830 4440 δοκιμάσαι.
849 4375 909 4434 πῶς
927 4361 1022 4436 ἔχουσι
1040 4366 1218 4438 πειθαρχίας.
1300 4369 1400 4426 θθ-θ.
1415 4369 1515 4436 1112,2
1534 4367 1590 4440 vgl.

287 4449 410 4508 Ηετοδοί
426 4453 451 4514 6.
471 4455 604 4508 1117-115

308 4709 317 4730 ἵ
356 4629 809 4772 Μ1[ἐν--ἐμτιεριέχεται]θεΙιττ
896 4631 1041 4706 θέχρήτο
1064 4635 1111 4690 Mn
1132 4635 1407 4706 (τς1.Ρεο1ι..“ν1,1γ
1502 4637 1537 4694 11
1561 4629 1590 4690 δ’

285 4735 336 4772 ουν
384 4735 402 4772 ι
