3772 5532
685 1507 1171 1604 ΚΛΗΜΕΝΤΟΣ

596 1717 1008 1800 ΣΤΡΩΜΑΤΕΩΝ
1039 1720 1255 1804 ΤΡΙΤΟΣ

356 1913 378 1980 Ι.
415 1911 453 1978 Οί
481 1915 542 1996 μὲν
573 1900 635 1982 οὖν
665 1905 749 1998 ἀμφὶ
781 1906 843 1980 τὸν
876 1905 1103 1980 Οὐαλεντίνου
1132 1909 1271 1982 ἀνωθεν
1301 1916 1338 1984 ἐκ
1369 1919 1442 1984 τῶν
1473 1921 1580 1986 θείων
1602 1931 1624 1992 1,

274 2013 459 2097 προβολάν
490 2008 550 2092 τάς
581 2015 735 2096 συζυγίας
768 2003 1017 2096 καταγαγόντες
1046 2004 1307 2095 εὖαρεστοῦνται
1338 2008 1448 2103 γάμῳ,
1480 2017 1512 2086 οί
1544 2019 1579 2084 δὲ

239 2104 342 2179 σάτὸ
366 2113 566 2179 Βασιλείόου
591 2112 834 2196 »κυβσμένωνι
864 2115 946 2194 φασί
976 2115 1067 2180 »τῶν
1087 2105 1295 2180 ἀποστόλων
1316 2108 1360 2200 μῆ
1382 2141 1469 2184 ποτε
1491 2112 1578 2204 ἀμει-

276 2203 338 2278 νάν
352 2212 422 2278 ἐστι
439 2204 479 2276 τὸ
493 2205 539 2296 μῆ
555 2225 688 2294 γαμείνι
711 2201 962 2296 ἀποκρίνασθαι
978 2215 1110 2297 λέγουσι
1126 2207 1189 2280 τὸν
1203 2207 1333 2298 κύριον·
1352 2220 1357 2294 Ι
1380 2208 1439 2284 »ου’
1452 2210 1579 2294 πάντες
1595 2231 1680 2287 509?

270 2311 418 2394 χωροῦσι
441 2302 503 2376 τὸν
525 2303 631 2393 λόγον
653 2310 793 2378 τοῦτον·
824 2311 884 2376 είσί
907 2305 969 2396 γάρ
991 2303 1159 2396 εὐνοῦχοι,
1187 2311 1220 2380 οἳ
1239 2315 1300 2396 μὲν
1322 2314 1358 2382 έκ
1378 2318 1523 2402 γενετῆς,
1547 2317 1580 2384 σί

274 2412 308 2476 δὲ
330 2409 365 2492 ἐξ
386 2402 560 2494 ἀνάγκης(
606 2410 805 2494 ἐξηγοῦνται
827 2409 861 2474 δὲ
890 2403 930 2477 τὸ
958 2403 1065 2496 ῥητὸν
1088 2399 1156 2478 ιάόέ
1176 2432 1262 2490 πως·
1301 2407 1466 2498 »φυσικήν
1489 2431 1614 2494 τινεςλ

273 2507 382 2593 έχουσι
403 2503 490 2594 πρὸς
513 2523 651 2594 γυναῖκα
672 2500 897 2594 ἀποστροφὴν
912 2509 949 2576 ἐκ
964 2512 1111 2596 γενετῆς,
1134 2510 1258 2589 οίτινες
1273 2515 1316 2595 τῇ
1331 2515 1455 2596 φυσικῇ
1471 2509 1577 2600 ταύτῃ

222 2619 256 2672 10
273 2601 447 2693 συγκράσει
468 2603 634 2694 χρώμενοι
655 2609 769 2684 καλῶς
789 2609 925 2674 ποιοῦσι
940 2603 984 2694 μῆ
1001 2611 1196 2696 γαμοῦντες.
1231 2598 1337 2690 οὗτοι,
1361 2616 1473 2694 φασίν,
1496 2617 1614 2682 είσίνσ

272 2707 304 2774 οί
340 2707 376 2774 ἐκ
413 2710 549 2794 γενετῆς
585 2699 755 2790 εὐνοῦχοι·
791 2705 823 2774 σί
859 2707 895 2774 δὲ
931 2707 965 2790 ἐξ
995 2699 1156 2794 ἀνάγκης,
1188 2710 1308 2778 ἐκεῖνοι
1339 2710 1371 2778 οί
1402 2717 1577 2796 θεατρικαί

273 2799 429 2894 άσκηταί,
461 2807 586 2886 οίτινες
615 2803 669 2874 διὰ
692 2801 756 2892 τὴν
778 2797 954 2892 ἀνθολκὴν
977 2809 1038 2894 τῆς
1060 2799 1210 2891 εὐδοξίας
1231 2811 1413 2894 κρατοῦσιν
1436 2809 1575 2887 ἑαυτῶν,

272 2905 303 2975 σί
327 2909 361 2974 δὲ
383 2907 625 2992 ἐκτετμημένοι
646 2900 734 2972 κατὰ
757 2901 936 2989 συμφορὰν
957 2899 1110 2991 εὐνοῦχοι
1133 2899 1289 2992 γεγόνασι
1307 2904 1395 2975 κατὰ
1418 2903 1576 2998 ἀνάγκην.

273 3005 305 3073 οί
336 3011 457 3074 τοίνυν
486 3001 574 3074 κατά
605 2997 757 3090 ἀνάγκην
787 2996 828 3070 σά
857 2999 944 3071 κατά
976 2999 1080 3090 λόγον
1102 2999 1254 3090 εὐνοῦχοι
1280 3009 1442 3091 γίνονται.
1486 3011 1519 3078 σί
1540 3013 1613 3080 δὲί

222 3117 254 3170 15
273 3103 369 3174 ἓνεκα
400 3107 461 3192 τῆς
491 3104 633 3173 αίωνίου
664 3106 831 3184 βασιλείας
861 3095 1114 3188 εὖνουχίσαντες
1143 3101 1282 3186 ἑαυτοὺς
1309 3103 1363 3175 διὰ
1390 3104 1432 3176 τά
1454 3109 1491 3176 ἐκ
1513 3115 1577 3179 τοῦ

273 3197 409 3290 γάμουι,
432 3210 522 3288 φασί,
550 3207 795 3288 »συμβαίνοντα
817 3198 880 3270 τὸν
899 3199 1117 3290 ἐπιλογισμὸν
1133 3208 1258 3274 τοῦτον
1274 3201 1488 3291 λαμβάνουσι,
1511 3205 1576 3294 τῆν

270 3308 346 3388 περί
382 3299 446 3372 τὸν
480 3297 649 3388 πορισμὸν
685 3305 759 3368 τῶν
793 3302 995 3388 ἐπιτηδείων
1029 3297 1192 3389 ἀσχολίαν
1222 3297 1394 3386 damnes
1443 3312 1497 3376 καὶ
1535 3305 1575 3376 τὸ
1594 3327 1651 3392 2,1

274 3399 431 3488 τάμεινον
453 3405 596 3490 γαμῆσαι
618 3395 639 3488 ῆ
662 3403 871 3486 πυροῦσθαι(
900 3399 961 3488 »μὴ
984 3405 1030 3483 είς
1045 3405 1113 3488 πῦρ
1129 3397 1272 3489 ἐμβάλῃς
1288 3401 1354 3490 τῆν
1368 3401 1480 3494 ψυχήν
1494 3429 1571 3476 σουι

271 3505 381 3588 λέγειν
404 3499 467 3572 τὸν
489 3495 696 3580 ἀπόστολον,
726 3495 867 3580 »νυκτὸς
890 3505 945 3570 καὶ
969 3495 1091 3588 ἡμέρας
1112 3495 1265 3588 ἀντέχων
1287 3507 1342 3573 καί
1365 3503 1574 3593 φοβούμενος

217 3617 254 3672 20
269 3599 315 3688 μῆ
339 3605 399 3688 τῆς
420 3603 613 3688 ἐγκρατείας
639 3597 825 3682 ἀκοντίσῃς·
860 3597 947 3684 πρὸς
974 3597 1036 3686 γάρ
1063 3597 1103 3670 τὸ
1126 3595 1278 3688 ἀντέχειν
1300 3607 1462 3692 γενομένη
1487 3603 1573 3694 ιιύχῆ

355 3835 530 3902 5-8.196,
550 3837 587 3891 la
619 3837 674 3908 vgl.
693 3833 865 3908 Hilgenfeld,
886 3835 1142 3904 Ketzergeschichio
1164 3837 1189 3890 S.
1208 3839 1291 3892 215ff
1375 3841 1447 3896 8-8
1473 3841 1572 3894 Matth.

272 3923 311 3981 19,
331 3921 386 3976 11?
465 3919 563 3974 14-8.
579 3919 644 3984 196,
660 3921 673 3976 1
695 3921 750 3990 vgl.
770 3919 937 3992 Epiphanius
956 3919 1036 3974 Ησετ.
1056 3921 1097 3982 32,
1114 3923 1131 3974 4
1150 3921 1175 3974 11
1193 3937 1219 3990 p.
1235 3923 1290 3988 193,
1305 3925 1430 3989 19-194,
1441 3927 1475 3980 30
1493 3924 1572 3978 Dind.

307 4003 343 4060 15
363 4003 418 4074 vgl.
437 4003 535 4058 Matth.
556 4007 595 4070 19,
615 4005 647 4058 12
728 4003 877 4062 181K0r.
897 4006 955 4070 7,9

355 4220 583 4292 4aposs67.wvh
662 4221 881 4294 ὅβασιλίδουίε
953 4221 1139 4292 ίγενέτηςΙτ
1213 4219 1376 4292 Θάνάγκης
1408 4219 1573 4282 oubam

270 4311 319 4372 τῆς
336 4301 454 4358 αἰωνίου
471 4307 617 4376 βασιλείας
655 4305 693 4360 Ρο
773 4307 856 4362 9.11
882 4303 1349 4376 γενέτηςίθῆείτίλοσμαιττιί.
1437 4309 1471 4366 ll
1507 4307 1572 4376 οὐκ)

270 4387 373 4446 ἐκεῖνοι
396 4389 428 4444 st
509 4391 543 4444 1⁸
569 4387 608 4458 [σί
625 4386 836 4460 δὲ-άνάγκην]
861 4389 1030 4460 Hilgenfeld3
1059 4390 1113 4460 vgl.
1136 4389 1224 4458 Zahn,
1243 4391 1340 4446 (ἔσσυο.
1359 4391 1385 4446 d.
1403 4393 1454 4447 ntl.
1473 4393 1542 4448 Kan.
1561 4392 1571 4446 1

270 4475 296 4526 8.
315 4475 382 4530 769²
471 4473 553 4542 [κατὰ
571 4472 707 4546 ἀνάγκην]
726 4474 771 4528 wi
860 4477 897 4531 15
924 4483 972 4540 τῆς
997 4475 1141 4544 βασιλείας
1165 4481 1223 4530 τῶν
1249 4473 1380 4548 οὐρανῶν
1406 4477 1502 4548 Epiph.

273 4559 311 4616 16
333 4559 413 4628 φασί]
431 4560 508 4628 σςίσι
526 4561 557 4614 st
639 4561 698 4616 161
718 4556 1006 4628 τουτον-πορισμὸν
1023 4567 1056 4618 <
1075 4559 1171 4630 Epiph.
1252 4561 1285 4615 17
1306 4563 1355 4616 καί
1374 4560 1405 4616 τὸ
1424 4572 1456 4622 <
1475 4562 1571 4634 Εμίρίτ.

316 4643 352 4700 18
378 4637 508 4714 ἀμεινον]
538 4643 648 4715 βέλτιον
671 4644 766 4715 Epiph.
858 4645 895 4698 19
921 4641 1023 4712 λέγειν]
1046 4645 1113 4712 φησί
1135 4643 1226 4714 λέγειν
1243 4645 1340 4714 Ερὶρίι
1378 4648 1461 4713 φασί·
1480 4645 1572 4718 λέγειν

269 4725 302 4780 st
379 4726 479 4792 νυκτὸς
495 4731 544 4784 καί
562 4727 678 4800 ἡμέρας]
696 4726 804 4799 ἡμέρας
820 4727 869 4782 καί
887 4725 986 4792 νυκτὸς
1004 4727 1101 4799 Epiph.
1182 4730 1221 4784 2⁰
1239 4727 1374 4798 γινομένη
1394 4731 1489 4802 Epiph.

1315 4818 1365 4868 13*
