3760 5534
666 559 805 614 stromata
823 559 868 612 111.
892 559 956 628 Cap.
971 559 1015 614 IV.
1033 561 1074 622 30.
1087 561 1179 624 2-3ῦ,
1194 565 1215 615 1.
1529 569 1587 631 111

280 717 326 808 μὴ
348 717 547 807 περισσεύσῃ
569 715 590 808 ἡ
612 719 806 810 δικαιοσύνη
838 718 933 810 ύμών
963 729 1072 794 πλείω
1101 730 1174 794 τῶν
1196 731 1422 814 γραμματέων
1444 731 1499 795 καὶ
1524 733 1590 796 Φα-

283 825 431 906 ρισαίων,
456 815 517 890 αύκ
539 817 764 892 εἰοελεύσεσθε
787 823 832 904 είς
855 821 918 910 τὴν
939 830 1109 906 βασιλείαν
1132 829 1195 894 τού
1216 829 1326 894 θεούς
1371 830 1448 911 περὶ
1470 829 1506 895 δὲ
1528 831 1626 914 τῆςλ

283 924 356 988 τῶν
386 915 580 1006 βρωμάτων
611 923 803 1008 ἐγκρατείας
834 927 1003 992 δείκνυται
1033 925 1069 992 έν
1096 930 1147 1013 τῷ
1175 921 1309 1012 Δανιὴλ.
1351 921 1528 996 συνελόντι
1555 919 1588 994 δ’

282 1021 398 1098 εἰπεῖν,
428 1024 505 1108 περί
535 1014 688 1108 ύπακοῆς
715 1013 733 1090 ό
762 1025 864 1105 Δαβίδ
893 1018 1037 1106 ψάλλων
1064 1027 1162 1110 λέγει·
1202 1027 1257 1094 »έν
1284 1029 1351 1093 τίνι
1372 1023 1589 1112 κατορθώσει

245 1115 450 1204 ῦνεαότερσς
481 1119 544 1208 τὴν
571 1113 655 1191 όδόν
678 1115 814 1204 αύτοῦςε
847 1127 903 1190 καί
925 1126 1125 1210 παραχρῆμα
1147 1119 1274 1194 άκούει·
1314 1125 1369 1194 »έν
1391 1131 1441 1211 τῷ
1465 1120 1589 1212 φυλάσ·

282 1227 399 1288 σεσθαι
427 1217 490 1288 τόν
516 1215 622 1308 λόγον
649 1245 709 1290 σου
735 1221 772 1290 έν
799 1211 862 1306 όλη
885 1225 1030 1312 καρδίην
1077 1215 1096 1292 ό
1120 1249 1156 1292 τε
1177 1217 1329 1310 Ἱερεμίας
1356 1230 1450 1310 φησί·
1489 1219 1624 1294 ετάδεὸ

282 1321 370 1404 λέγει
392 1315 518 1404 κύριος·
540 1317 628 1390 κατά
651 1317 711 1400 τάς
733 1311 834 1401 ὁδούς
857 1325 929 1389 τῶν
950 1323 1067 1392 ἐθνῶν
1088 1319 1132 1410 μὴ
1155 1321 1391 1408 καρτύνασθαι

364 1411 543 1488 Ἐντεῦθεν
574 1417 672 1488 ἄλλοι
705 1423 792 1502 τινές
821 1424 1020 1508 κινηθέντες
1041 1427 1153 1508 μιαροὶ
1176 1427 1230 1490 καὶ
1251 1417 1423 1494 ούτιδανοί
1447 1419 1509 1492 τόν
1531 1420 1588 1492 άν-
1606 1435 1683 1500 θαι

283 1527 430 1604 θρωπον
460 1512 527 1588 ῦπό
559 1513 737 1606 διαφόρων
767 1513 944 1608 δυνάμεων
972 1525 1168 1610 πλασθῆναι
1200 1527 1347 1609 λέγουσι,
1378 1527 1433 1590 καὶ
1461 1519 1588 1610 τὰμὲν

231 1632 264 1682 10
281 1621 392 1704 μέχρις
414 1610 571 1704 ὀμφαλοῦ
594 1621 841 1704 θεοειδεστέρας
861 1623 980 1705 τέχνης
995 1620 1090 1702 εἶναι,
1113 1618 1154 1690 τά
1171 1623 1287 1708 ἔνερθε
1305 1625 1340 1690 δὲ
1355 1626 1416 1709 τῆς
1432 1615 1586 1711 ἥττονος,

281 1706 321 1784 ού
344 1713 385 1804 δὴ
405 1711 506 1803 χάριν
527 1709 705 1804 δρέγεσθαι
727 1723 911 1798 συνουσίας.
948 1723 1071 1808 λέληθε
1093 1724 1128 1789 δὲ
1150 1717 1275 1802 αύτούς
1297 1712 1351 1790 ότι
1372 1725 1427 1790 καὶ
1444 1718 1486 1790 τὰ
1499 1715 1623 1791 ἅνω-2

281 1819 369 1901 τέρω
392 1821 474 1904 μέρη
498 1820 558 1904 τῆς
581 1821 709 1904 τροφῆς
732 1809 907 1904 όριγι·άται
928 1825 984 1888 καί
1006 1815 1159 1906 λαγνεύει
1181 1825 1278 1902 τισίν,
1301 1821 1536 1890 ἐναντιοῦνται
1551 1823 1587 1891 δέ

279 1921 335 1984 καί
358 1920 410 2003 τῷ
433 1919 572 2003 Χριστῷ
599 1913 685 2004 πρός
712 1914 792 1998 τούς
817 1921 1018 2004 Φαρισαίους
1040 1915 1189 2006 εἰρηκότι
1212 1917 1275 1990 τόν
1297 1914 1404 1990 αύτόν
1426 1916 1510 1990 θεόν
1531 1927 1586 1990 καλ

281 2010 343 2084 τόν
367 2011 499 2096 εέκτόςε
526 2010 699 2102 ἡμῶνκαὶ
723 2011 786 2084 τόν
811 2017 911 2084 »ἔσωε
934 2025 939 2100 Ι
959 2015 1149 2106 ἄνθρωπον
1164 2023 1392 2108 πεποιηκέναι.
1429 2013 1515 2090 άλλά
1530 2027 1585 2090 καὶ
1606 2035 1683 2091 1898

229 2127 262 2180 15
282 2109 300 2202 η
324 2107 432 2200 ὄρεξις
455 2109 496 2184 ού
518 2119 581 2185 τοῦ
602 2109 759 2202 σώματός
781 2117 861 2196 έστι,
883 2110 948 2184 κάν
970 2114 1023 2187 διά
1046 2114 1087 2186 τό
1111 2123 1206 2204 σῶμα
1229 2125 1371 2207 γίνηται,

358 2207 474 2284 Ἀλλοι
497 2217 594 2296 τινές,
627 2209 685 2293 οῦς
707 2220 762 2283 καί
783 2209 1002 2296 Ἀντιτάκτας
1024 2221 1201 2304 καλοῦμεν,
1230 2221 1384 2304 λέγουσιν
1406 2211 1461 2290 ότι
1483 2213 1501 2288 ό
1523 2225 1622 2306 μὲνθ

280 2309 361 2394 θεός
384 2308 403 2382 ό
426 2318 500 2382 τεόν
522 2305 616 2382 όλων
637 2311 753 2402 πατὴρ
776 2308 873 2400 ἡμῶν
895 2317 965 2384 ἐστι
987 2312 1094 2400 φύσει,
1116 2321 1171 2384 καὶ
1193 2311 1305 2386 πάνθ’
1321 2309 1383 2387 όσα
1400 2321 1586 2406 πεποίηκεν

280 2407 393 2500 άγσθά
424 2417 526 2483 ἐστιν·
564 2411 611 2495 είς
641 2417 679 2480 δέ
709 2440 759 2494 τις
790 2419 865 2482 ταῦν
894 2407 954 2483 ὑπ’
977 2409 1083 2484 αύταῦ
1110 2411 1303 2502 γεγονότων
1324 2419 1519 2506 ἐπέσπειρεν
1542 2416 1584 2488 τά

280 2507 409 2596 ζιζάνια
441 2509 504 2599 τὴν
536 2517 609 2582 τῶν
639 2517 756 2582 κακῶν
783 2509 884 2597 φύσιν
906 2509 1079 2602 γεννήσας,
1111 2513 1161 2594 αλς
1182 2520 1237 2582 καί
1261 2513 1325 2602 [δὴ]
1345 2511 1478 2598 πάντας
1500 2511 1584 2604 ἡμᾶς

226 2623 262 2678 20
279 2615 476 2696 περιέβαλεν
503 2605 685 2696 ἀντιτάξας
712 2606 796 2700 ἡμᾶς
823 2619 872 2701 τῷ
894 2619 1008 2700 πατρί.
1051 2611 1102 2684 διὸ
1126 2611 1166 2700 δὴ
1189 2619 1244 2682 καὶ
1267 2609 1365 2684 αύτοὶ
1386 2609 1620 2686 ‹immund-4

278 2719 367 2797 μεθα
389 2707 503 2798 τούτῳ
527 2715 573 2790 είς
595 2711 743 2780 ἐκδικίαν
765 2717 828 2781 τοῦ
848 2707 988 2800 πατρός,
1014 2707 1302 2800 άντιπρόσσοντες
1324 2719 1374 2802 τῷ
1396 2712 1583 2804 βουλήματι

280 2814 342 2879 τοῦ
364 2813 531 2898 δευτέρου.
575 2811 644 2879 ἐπεὶ
669 2801 731 2880 σύν
753 2800 854 2892 οὗτος
878 2807 937 2880 »ού
957 2809 1155 2900 μοιχεύσεις(
1181 2815 1321 2900 εἴρηκεν,
1353 2807 1458 2902 ἡμεῖς,
1490 2823 1582 2900 φασί,

275 2937 335 2998 μαι
345 2908 517 2998 χεύσωμεν
538 2911 592 2978 ἐπί
614 2907 795 2982 καταλύσει
816 2915 877 2998 τῆς
899 2913 1040 2998 ἐντολῆς
1061 2909 1176 2982 αύτοῦ.
1599 2932 1682 2988 527?

363 3015 512 3097 Φαίημεν
533 3003 566 3078 δ’
589 3005 632 3078 άν
659 3015 713 3078 καί
740 3009 827 3098 πρὸς
850 3007 1007 3092 τούτους.
1039 3001 1093 3080 ότι
1115 3007 1196 3092 τούς
1218 3009 1506 3102 ψευδοπροφήτας
1527 3021 1581 3084 καί
1600 3033 1675 3094 θαι

362 3203 405 3258 21
428 3201 484 3272 vgl.
504 3203 571 3256 Dan.
592 3207 618 3270 1,
639 3205 671 3258 10
750 3203 824 3260 4—ss
855 3203 927 3258 Psal.
947 3205 1007 3267 118,
1025 3203 1065 3259 91
1142 3204 1187 3260 M
1210 3204 1309 3260 Jerem.
1328 3207 1407 3272 10,2
1487 3207 1578 3264 8-11

276 3285 332 3354 τρὶ.
352 3285 521 3356 Epiphanius
540 3287 619 3342 Ηοεε.
637 3290 719 3352 15,2
745 3305 799 3344 von
821 3287 874 3342 den
897 3287 1085 3344 θεραπεύεται
1114 3286 1185 3344 άλλά
1211 3291 1260 3344 καί
1287 3297 1337 3346 τοῦ
1363 3287 1521 3362 άνθρύνπου
1547 3293 1581 3348 τά

273 3371 328 3440 μέν
348 3367 431 3440 ἥμισυ
449 3363 522 3426 εἶναι
540 3378 590 3426 τοῦ
608 3375 687 3437 θεοῦ,
704 3373 737 3427 τά
756 3373 785 3428 δὲ
803 3369 887 3440 ἥμισυ
905 3380 956 3428 τοῦ
973 3372 1115 3443 διαβόλου.
1151 3365 1202 3428 ἀπ’
1219 3371 1352 3442 ὀμφαλοῦ
1370 3374 1424 3447 γάρ
1442 3379 1491 3432 καί
1509 3373 1580 3432 άνω·

278 3451 353 3509 τάτω
375 3449 449 3511 εἶναι
467 3461 515 3522 τῆς
533 3462 583 3510 ταῖν
601 3459 671 3512 θεοῦ
689 3454 835 3524 δυνάμεως
852 3455 927 3527 λέγει
945 3460 995 3526 την
1014 3455 1130 3520 πλάσιν,
1149 3455 1206 3514 άπὸ
1225 3458 1255 3514 δέ
1274 3457 1407 3529 δμφαλοῖ·
1424 3462 1473 3516 καλ
1490 3479 1580 3516 κατω-

276 3535 352 3594 τάτω
370 3545 418 3606 τῆς
436 3545 564 3609 πονηρᾶς
581 3536 709 3606 έξονσίας
721 3543 770 3609 την
783 3541 893 3597 πλάσιν.
976 3543 1014 3598 14
1033 3543 1088 3612 vgl.
1102 3543 1168 3596 Lulz.
1183 3546 1269 3608 11,10
1351 3545 1415 3600 141
1431 3545 1486 3616 vgl.
1500 3545 1580 3600 Plato

277 3623 382 3678 Phileb.
405 3624 520 3692 1).th
614 3625 727 3680 16-28
754 3625 983 3696 vgl.'1'h00doret
1006 3625 1085 3682 Ηαστ.
1104 3625 1158 3681 snb.
1177 3627 1189 3680 1
1210 3629 1241 3682 16
1271 3625 1342 3698 ἦσαν
1369 3629 1399 3686 δὲ
1424 3633 1473 3686 καί
1499 3625 1580 3686 ἄλλοι

276 3707 361 3772 τινές,
384 3703 433 3774 οῦς
451 3703 626 3772 Ἀντιτάκτας
649 3705 781 3774 έκάλονν,
800 3707 924 3782 ἀσεβεῖς,
943 3707 971 3766 οἳ
993 3712 1043 3766 τὸν
1065 3709 1156 3781 μέγαν
1175 3705 1323 3781 ἄγνωστον
1341 3712 1424 3782 θεόν,
1442 3709 1482 3778 άις
1499 3713 1581 3770 αἰτοῖ

272 3789 401 3861 λέγονσι,
429 3791 538 3860 πατέρα
565 3791 673 3848 οἰκεῖον
699 3791 864 3863 ὠνόμαζον·
892 3805 993 3850 τοῦτον
1015 3795 1045 3852 δε
1068 3793 1181 3866 άγαθδν
1203 3789 1277 3852 εἶναι
1294 3799 1343 3854 καί
1360 3797 1431 3854 θεάν
1449 3801 1578 3868 ποιητήν·

273 3870 325 3930 ἕνα
354 3873 384 3930 δέ
410 3895 472 3932 τινα
499 3881 556 3932 τῶν
578 3871 624 3932 ὑπ’
643 3875 729 3934 αὐτοῦ
752 3880 913 3948 γεγονότων
931 3877 1091 3950 έπισπεῖραι
1109 3879 1230 3948 ζιζάνια·
1256 3877 1288 3946 ὃς
1304 3883 1353 3936 καί
1371 3879 1481 3948 πάντας
1498 3885 1579 3950 ημᾶς,

273 3955 314 4024 όις
338 3957 417 4016 αύτοί
436 3959 561 4030 λέγουσι,
580 3971 679 4026 κακοῖς
696 3961 870 4034 περιέβαλεν,
890 3961 1113 4030 ἀντιταξάμενος
1132 3965 1210 4032 ἡμῶν
1229 3971 1268 4038 τῷ
1286 3961 1466 4040 άγαθωτάτῳ
1484 3968 1579 4036 πατρί.

274 4035 309 4096 οὗ
334 4045 366 4112 δη
392 4041 476 4116 χάριν
497 4047 547 4101 καί
570 4047 649 4116 ἡμεῖς
671 4043 902 4116 ἀντιτασσόμεθα
921 4045 996 4120 αύτῷ
1015 4047 1055 4113 είς
1072 4045 1210 4116 ἐκδίκησιν
1230 4055 1280 4104 τοῦ
1297 4051 1417 4120 πατρός,
1445 4048 1578 4106 ἀνθιστά-

271 4147 356 4196 μενοι
384 4137 443 4194 τοῖς
470 4130 568 4198 νόμοις
594 4129 688 4186 αι’·τοῦ.
724 4134 772 4188 καὶ
795 4128 887 4200 ἐπειδὴ
912 4124 994 4198 οὗτος
1012 4127 1091 4188 εἶπεν
1113 4131 1159 4187 »σύ
1176 4131 1365 4204 μοιχεύοειςι,
1388 4135 1479 4202 ἡμεῖς,
1503 4137 1578 4204 φησί,

272 4209 470 4280 μοιχεύαωμεν
489 4211 534 4268 έπλ
551 4213 702 4271 καταλύσει
724 4222 770 4284 τῆς
788 4213 902 4284 ἐντολῆς
920 4215 1015 4272 αὐτοῦ.
1045 4215 1162 4281 τούτους
1180 4215 1296 4282 είκόταις
1314 4213 1350 4272 άν
1368 4237 1409 4282 τις
1426 4216 1579 4290 ἐφευρετὰς

272 4293 414 4362 ὀνομάσαι
427 4303 532 4356 κακῶν.
546 4295 573 4352 οἳ
586 4307 647 4364 ταῖς
660 4295 818 4369 ἀσελγείαις
831 4299 880 4364 τάς
891 4301 1069 4374 βλαορημίας
1082 4297 1277 4357 συνάπτουσιν.
1345 4303 1466 4374 levgl.
1480 4303 1577 4358 Matth.

276 4379 314 4444 13,
333 4385 366 4434 27)
447 4383 485 4438 22
506 4383 591 4437 Exod.
610 4385 649 4439 ¹2⁴».
671 4387 701 4438 13

359 4555 377 4610 8
402 4558 503 4628 μιαροὶ
529 4557 560 4612 St
643 4561 740 4628 μικροί
768 4559 788 4613 L
875 4561 912 4616 1⁰
940 4557 1152 4630 θεοειῖεοτέρας
1178 4558 1213 4612 Κί
1244 4561 1509 4632 θειαειδεστέραςῐι

273 4639 312 4694 12
332 4637 480 4710 ὀρῖγναται
498 4641 519 4694 L
602 4643 638 4697 111
658 4643 710 4714 [δὴ]
729 4641 837 4710 πάντας
854 4645 925 4699 nach
943 4643 1044 4698 Τίιαοδ.
1063 4639 1192 4708 άπαντας
1209 4643 1287 4697 Schw
1358 4645 1399 4702 2⁰
1417 4649 1448 4714 δὴ
1467 4647 1533 4700 fiber
1551 4645 1577 4701 δ.

273 4724 300 4778 Ζ.
319 4723 353 4778 L¹
428 4725 464 4780 21
485 4731 525 4798 τῷ
543 4729 577 4794 Sy
601 4733 651 4780 τοῦ
671 4727 690 4782 L
772 4731 811 4784 ’.λθ
829 4727 1024 4798 μοιχεύοινμεν
1041 4727 1143 4784 Τίιεσδ.
1161 4725 1334 4798 μοιχεύομεν
1353 4729 1373 4783 L

1311 4815 1362 4868 14·
