3704 5530
570 583 709 637 stromata
721 582 766 636 v1.
785 581 850 654 Cap.
862 581 921 638 XV.
941 585 997 648 115,
1009 583 1119 650 3-119,
1130 587 1155 638 4.
1451 589 1509 650 491

205 741 292 836 όμοῦ
314 745 357 818 τά
379 743 471 832 φυτὰ
492 747 530 817 ἐκ
550 742 777 836 κελεύσματος
798 751 897 817 θείου
910 741 1143 836 βεβλάστηκεν.
1172 745 1226 820 διό
1241 743 1306 820 κάν
1321 742 1511 837 ἀγριέλαιος

205 841 225 919 ό
247 841 385 928 κότινος
408 841 566 934 τυγχάνη,
588 841 674 918 ἀλλά
697 843 778 927 τούς
799 837 1046 936 όλυμπιονίκας
1067 851 1182 934 στέφει
1203 853 1257 917 καί
1278 845 1344 938 τὴν
1358 845 1512 936 ἄμπελοι·

205 941 225 1036 ἡ
256 949 382 1018 πτελέα
414 951 461 1028 είς
489 937 577 1032 ύφος
606 939 779 1034 ἀνάγουσα
809 939 989 1034 εύκαρπελν
1018 941 1174 1018 διδάσκεα
1221 939 1357 1036 όρώμεν
1384 950 1421 1018 δέ
1446 941 1548 1036 ἤδη-4

204 1051 348 1116 πλείονα
378 1042 443 1134 τὴν
470 1043 606 1135 τροφὴν
632 1043 850 1134 ἐπισπώμενα
873 1043 915 1116 τὰ
937 1043 1036 1134 ἄγρια
1060 1050 1133 1116 τών
1154 1047 1306 1134 δένδρων
1327 1045 1382 1118 διά
1405 1043 1511 1136 τὸμὴ

171 1143 371 1216 ῠδύναοθαι
396 1149 544 1216 πέττειν.
587 1141 630 1216 τά
657 1135 719 1216 ούν
746 1142 845 1236 ἀγρια
872 1151 946 1216 τῶν
966 1139 1102 1235 ἡμέρων
1123 1139 1342 1234 ἀπεπτότερα
1362 1141 1511 1234 ύπάρχει,

204 1252 260 1315 καί
291 1241 333 1314 τό
363 1247 476 1316 αίτιον
507 1249 569 1315 τοῦ
598 1241 697 1332 ἀγρια
727 1245 812 1316 είναι
842 1240 929 1316 αύτὰ
960 1250 1113 1334 στέρησις
1139 1239 1312 1332 δυνάμεως
1337 1249 1512 1334 πεπτικῆς.

206 1340 367 1433 λαμβάνει
395 1351 514 1414 τοίνυν
536 1342 671 1433 τροφὴν
692 1349 754 1433 μέν
774 1351 918 1416 πλείονα
941 1339 961 1435 ἡ
983 1347 1255 1435 ἐγκεντριοθεισα
1276 1347 1371 1416 ἐλαία
1392 1342 1448 1416 διὰ
1470 1341 1511 1414 τό
1532 1355 1627 1420 118,ι

206 1439 325 1532 ἀγρίαν
346 1440 548 1532 ἐμφύεσθαι·
572 1441 647 1516 οίον
668 1448 703 1514 δέ
726 1439 785 1532 ἥδε
805 1449 944 1516 πέττειν
965 1447 1115 1530 ἐθίζεται
1134 1440 1200 1532 τὴν
1215 1439 1358 1533 τροφήν,
1380 1455 1514 1530 συνεξο-

205 1547 387 1632 μοιουμένη
419 1549 462 1630 τῇ
491 1539 630 1632 πιότητι
662 1548 723 1633 τῆς
749 1538 887 1634 ἡμέρου,
919 1539 966 1624 ώς
992 1547 1028 1614 δέ
1054 1549 1110 1614 καί
1138 1536 1384 1630 όφιλόσοφος,
1415 1539 1515 1635 ἀγρίᾳ

156 1659 189 1712 10
206 1637 420 1730 είκαςόμενος
446 1645 554 1732 ἐλαίη,
586 1643 675 1714 πολύ
701 1641 742 1715 τό
769 1641 928 1716 ἄπεπτον
949 1647 1051 1732 ἔχων,
1082 1641 1138 1714 διὰ
1164 1641 1205 1714 τό
1228 1641 1313 1714 είναι
1336 1639 1515 1732 ζητητικός

205 1746 259 1814 καί
290 1736 639 1832 εὐπαρακολούθητος
667 1748 722 1812 καί
753 1737 930 1831 ὀρεκτικός
960 1747 1021 1831 τῆς
1050 1737 1217 1832 πιότητος
1250 1747 1312 1832 τῆς
1343 1737 1513 1832 ἀληθείας,

206 1840 265 1912 ἐὰν
285 1835 462 1930 προσλάθρ
485 1837 551 1930 τὴν
572 1849 671 1913 θείαν
692 1839 747 1914 διό
768 1849 916 1926 πίστεως
938 1839 1088 1930 δύναμιν,
1111 1849 1155 1931 τῇ
1175 1848 1305 1932 χρηστῇ
1325 1848 1383 1914 καί
1402 1839 1514 1932 ἡμέρῳ

205 1945 547 2030 <ἐγ>κιιταφυτευθείς
574 1942 710 2029 γνώσει,
732 1937 891 2030 καθάπερ
913 1935 934 2030 ἦ
956 1937 1145 2030 ἀγριέλαιος
1166 1943 1440 2031 ἐγκεντρισθείοα
1462 1947 1514 2030 τῷ

206 2033 319 2122 ὄντως
357 2045 454 2128 καλῷ
494 2047 549 2110 καί
586 2037 743 2130 ἐλεήμονι
788 2037 880 2130 λόγῳ
920 2045 1037 2112 πέττει
1073 2069 1111 2110 τε
1147 2039 1214 2130 τὴν
1243 2045 1515 2130 παραδεδομένην

156 2153 188 2206 ιο
206 2140 341 2230 τροφὴν
360 2147 418 2210 καὶ
438 2146 651 2222 καλλιέλαως
673 2147 808 2229 γίνεται.
845 2135 864 2212 ό
886 2134 950 2230 γάρ
965 2167 1020 2210 τοι
1035 2137 1272 2230 ἐγκεντρισμός
1288 2139 1349 2224 τάς
1362 2135 1514 2230 ἀχρείους
1532 2149 1550 2208 2

206 2235 349 2326 εύγενεις
370 2245 536 2310 ποιεῖταί
559 2237 621 2323 τὰς
642 2235 796 2330 ἀφύρους
817 2247 981 2330 φορίμους
1002 2247 1156 2328 γίνεσθαι
1177 2235 1327 2326 βιάζεται
1347 2243 1448 2328 τέχνη
1471 2247 1513 2328 τῇ

206 2343 371 2426 γεωργικῇ
392 2343 448 2408 καί
470 2335 637 2428 ἐπιστήμη
660 2345 701 2428 τῇ
723 2345 904 2428 γνωστικῇ.

291 2443 375 2506 Φιιολ
398 2432 432 2507 δ’
450 2427 514 2509 σύν
537 2441 690 2526 γίνεσθαι
713 2437 776 2509 τόν
797 2435 1036 2528 ἐγκεντρισμὸν
1056 2435 1144 2508 κατὰ
1166 2433 1316 2526 τρόπους
1339 2443 1514 2526 τέσσαρας·
1532 2445 1627 2512 ΠΜ

207 2539 265 2608 ἵνα
295 2541 357 2626 μὲν
384 2531 465 2608 καθ’
485 2529 526 2606 όν
554 2535 679 2628 μεταξύ
709 2541 772 2608 τού
798 2534 903 2624 ξύλου
927 2543 982 2610 καί
1009 2543 1073 2608 τοῦ
1099 2542 1223 2624 φλοιοῦ
1248 2531 1444 2626 ἐναρμόζειν
1465 2541 1517 2606 δεῖ

155 2655 189 2706 20
208 2635 249 2708 τὸ
280 2630 589 2726 ἐγκεντριςόμενον,
621 2633 670 2720 ώς
699 2641 929 2726 κατηχούνται
959 2637 991 2708 οί
1021 2640 1056 2722 ἐξ
1085 2641 1203 2709 ἐθνῶν
1228 2639 1362 2708 ίδιώται
1387 2639 1423 2722 ἐξ
1443 2637 1513 2706 ἐπι-

205 2741 314 2826 πολῆς
340 2732 515 2824 δεχόμενοι
541 2734 605 2806 τὸν
631 2731 753 2826 λόγον·
779 2734 931 2825 θάτερυν
961 2741 997 2806 δέ
1029 2729 1115 2808 όταν
1142 2732 1183 2807 τὸ
1210 2732 1314 2822 ξύλον
1340 2739 1549 2826 σχίσιιντες2

205 2839 251 2920 είς
277 2831 362 2908 αύτό
388 2832 559 2926 ίμβάλωσι
585 2845 590 2920 l
619 2834 660 2908 τό
687 2831 820 2925 εύγενές
845 2831 972 2924 φυτόν,
1005 2827 1024 2904 ό
1050 2842 1221 2922 συμβαίνει
1244 2837 1298 2908 ἐπί
1322 2841 1395 2906 τών
1417 2843 1513 2922 φιλο·
1530 2839 1615 2896 80οΡ

205 2931 449 3024 σοφησάντων·
476 2939 738 3024 διατμηθέντων
766 2933 830 3026 γὰρ
852 2931 968 3016 αύτοις
990 2940 1064 3007 τών
1086 2930 1268 3024 δογμάτων
1289 2929 1309 3024 ἦ
1332 2937 1513 3024 ἐπίγνωσις

205 3041 266 3126 τῆς
287 3031 449 3124 ἀληθείας
468 3040 647 3124 ἐγγίνεται·
670 3032 718 3118 ώς
740 3039 777 3106 δέ
797 3039 853 3106 καί
867 3029 1039 3115 Ἰουδαίοις
1061 3039 1265 3124 διοιχθείσης
1286 3039 1347 3122 τῆς
1365 3039 1513 3116 παλαιᾶς

154 3151 188 3204 ‘25
206 3139 337 3224 γραφῆς
368 3131 409 3206 τό
443 3139 523 3206 νέον
550 3139 606 3205 καί
638 3131 767 3224 εύγενές
797 3139 1041 3226 ἐγκεντρίςεται
1071 3138 1133 3223 τῆς
1159 3139 1164 3220 Ι
1191 3137 1306 3216 ἐλαίας
1327 3129 1448 3220 φυτόν.
1494 3127 1650 3205 (528688

206 3244 322 3324 τρίτος
352 3237 388 3304 δέ
418 3232 653 3324 ἐγκεντρισμός
680 3241 754 3308 τῶν
779 3231 952 3324 ἀγριάδων
979 3238 1034 3302 καί
1062 3238 1135 3304 τών
1161 3235 1343 3322 αίρετικῶν
1370 3225 1515 3305 ἀπτεται

206 3339 279 3405 τών
313 3331 398 3424 μετὰ
432 3341 505 3418 βίας
535 3339 582 3416 είς
612 3333 677 3423 τὴν
699 3329 874 3424 ἀλήθειαν
902 3336 1160 3424 μεταγομένων·
1190 3327 1421 3419 ἀποξύσαντες
1451 3329 1514 3422 γὰρ

207 3431 370 3522 ίκάτερον
392 3434 584 3522 ἐπίσφηνον
606 3427 678 3520 όξελ
696 3430 855 3522 δρεπάνῳ
876 3437 970 3521 μέχρι
992 3437 1056 3504 τού
1077 3429 1143 3522 τὴν
1160 3430 1371 3522 ἐντεριώνην
1385 3437 1515 3521 γυμνώ-

207 3557 261 3604 οαι
282 3539 353 3622 μέν,
375 3531 420 3622 μὴ
444 3533 591 3604 ἐλκώσαι
613 3538 658 3616 δέ,
679 3529 870 3622 δεσμεύουσι
892 3529 979 3620 πρός
1000 3529 1141 3622 ἄλληλα.
1177 3537 1343 3620 τέταρτος
1364 3537 1402 3602 δέ
1422 3535 1514 3604 ἐστιν
1532 3541 1551 3596 4

156 3645 190 3700 ³0
207 3635 444 3720 ἐγκεντρισμού
475 3627 605 3722 τρόπος
630 3625 650 3704 ό
677 3627 855 3720 λεγόμενος
881 3627 1171 3722 ἐνοφθαλμισμός·
1201 3647 1426 3720 περιαιρεῖται
1451 3629 1514 3718 γὰρ

207 3729 275 3805 ἀπὸ
312 3729 469 3821 εύγενοῦς
504 3737 681 3820 στελέχους
711 3725 907 3820 ὀφθαλμός,
943 3737 1304 3820 συμπεριγραφομένου
1334 3725 1429 3820 αύτῷ
1459 3737 1515 3800 καί

207 3837 270 3902 τοῦ
300 3837 426 3918 φλοιοῦ
456 3829 572 3920 κύκλῳ
604 3823 688 3902 ὅσον
713 3842 953 3902 παλαιστιαῖον
977 3833 1098 3918 μῆκος,
1125 3827 1198 3901 είτα
1224 3827 1447 3916 ἐναπσξύεται
1473 3827 1515 3902 τὸ

292 4001 366 4056 8-6
389 3999 503 4072 δρῶμεν
520 4003 553 4070 δη
571 3997 801 4072 ἥδη-πεπτικῆς
823 4001 895 4056 θυαε.
914 3999 975 4055 Par.
993 4000 1045 4056 258
1063 3999 1127 4054 Holl
1211 3999 1320 4056 10-8.
1338 3999 1408 4066 4⁹2,
1422 4001 1441 4054 ³
1457 3999 1515 4068 vgl.

208 4083 361 4140 (⁸01umells
383 4083 423 4140 De
445 4085 633 4148 r.r.v11f;
660 4084 697 4140 lv
716 4087 762 4148 29,
780 4085 828 4150 553
856 4083 896 4140 De
918 4083 1009 4139 arbor.
1027 4085 1056 4147 8;
1083 4083 1204 4154 Goopon,
1223 4083 1246 4138 X
1266 4087 1310 4146 753
1343 4083 1516 4155 Theophrut

210 4169 248 4224 1¹0
266 4187 338 4224 οεοε.
356 4167 443 4240 plant
462 4171 473 4224 1
491 4173 508 4226 δ

295 4319 412 4376 λθείου
430 4319 467 4374 Ιι*
490 4321 559 4376 θείω
578 4321 612 4374 λε’
691 4319 783 4376 hor
801 4317 817 4374 δ
835 4319 872 4375 int
888 4315 969 4376 ἐλαία
988 4333 1040 4372 von
1059 4317 1093 4372 L*
1112 4315 1213 4388 getilgt
1293 4315 1374 4388 Ηὲ]
1392 4319 1424 4388 δη
1442 4319 1515 4374 θτυτ.

209 4403 269 4458 Pur.
339 4403 448 4474 ἐίσην]
467 4402 513 4456 Wi
583 4397 748 4476 ἐύπάρχει]
767 4399 842 4460 ἐστιν
858 4402 931 4458 θεον.
950 4401 1012 4458 Par.
1092 4399 1202 4458 θαύτὰ
1219 4393 1294 4458 εἶναι
1310 4421 1346 4452 ω
1362 4403 1435 4456 Scor.
1454 4401 1515 4456 Pur.

243 4485 595 4560 θδγρέανθέδγρέαιῐι
674 4485 881 4558 ίίδεΒέἢδηΙ,
954 4481 1076 4552 atach
1155 4483 1514 4558 l2f<lv¹=ssma9v=

208 4575 317 4638 τενθείς
334 4573 414 4628 δελετε
485 4573 523 4630 18
541 4568 827 4644 <ἐγ>καταφυτευθείς
844 4573 911 4642 (τςί.
932 4571 1017 4627 Ρτοίτ.
1038 4573 1077 4638 13,
1095 4571 1122 4640 5)
1140 4570 1188 4626 Ha
1259 4567 1469 4642 ἐγκεντριοθελς
1485 4571 1516 4626 δέ

245 4659 282 4714 λθ
305 4655 437 4728 φλυοῦίι
527 4658 568 4713 20
592 4655 626 4712 τδ
644 4655 762 4714 Ηστυλιε]
788 4654 878 4712 τδνλι
962 4655 1003 4712 24
1025 4655 1196 4724 διοιχθείσης
1221 4657 1260 4724 (οι
1278 4671 1346 4711 οοττ.
1363 4671 1412 4710 aua
1430 4655 1463 4719 ω)
1482 4655 1516 4708 L³

243 4741 282 4798 25
305 4738 411 4812 ἐλαίαςΙ
430 4739 568 4810 ἀληθείας
584 4739 632 4794 Wi
710 4741 749 4798 28
768 4737 917 4810 ἐπίοφινον
935 4739 956 4794 L
