3738 5536
620 503 759 559 stromata
775 505 796 558 Ι.
818 506 883 578 Cap.
900 507 946 562 VI.
964 508 1005 572 33,
1017 506 1109 572 2-36,
1123 507 1146 558 1.
1501 507 1541 570 23

230 659 401 754 κάγαθίας
428 659 569 754 ήνυσαν,
600 671 656 738 καί
678 657 721 738 αὖ
746 665 789 738 τά
815 673 952 742 ἐναντία
977 669 1009 740 οί
1036 673 1236 758 ἐπιτηδείως
1258 667 1384 755 φύντες
1407 663 1540 760 ἀμελείᾳ

210 758 389 852 ,γεγόνασι
409 771 515 836 κακοί.
559 763 656 851 φύσει
683 764 716 838 δ’
743 759 785 838 αύ
811 767 1033 852 κοινωνικούς
1058 773 1113 839 καί
1140 776 1288 850 δικαίους
1311 765 1330 842 ὁ
1352 767 1433 852 θεός
1456 765 1541 858 ἡμᾶς

231 861 502 952 ἐδημιούργησεν.
545 857 630 936 ὅθεν
660 863 737 940 ου’δέ
768 865 809 940 τό
841 876 972 942 δίκαιον
1002 872 1038 940 ἐκ
1068 865 1174 958 μόνης
1200 877 1381 956 φαίνεσθαι
1404 875 1464 960 τῆς
1486 874 1540 940 θί·
1561 881 1636 948 Bam

232 985 321 1044 οεως
343 963 474 1052 ῥητέον,
495 969 533 1035 ἐκ
554 969 590 1036 δέ
613 972 674 1056 τῆς
695 971 839 1058 ἐντολῆς
866 964 1161 1056 όναζωπυρεῑσθαι
1184 966 1224 1040 τὸ
1247 974 1309 1058 τῆς
1330 975 1544 1058 δημιουργίας

196 1057 370 1150 τιάγαθόν
391 1070 550 1151 νοητέον,
580 1063 725 1156 μαθήσει
754 1074 990 1158 παιδευθείσης
1012 1073 1073 1157 τῆς
1095 1074 1202 1158 ψυχῆς
1223 1071 1356 1140 ἐθέλειν
1378 1071 1543 1156 αἱρεῖσθαι

234 1159 276 1230 τό
302 1157 495 1236 κάλλιστον.
538 1161 626 1238 άλλά
651 1163 808 1256 καθάπερ
830 1175 885 1240 καί
908 1167 989 1239 ἄνευ
1010 1165 1215 1258 γραμμάτων
1236 1167 1361 1240 πιστόν
1382 1170 1469 1240 είναι
1490 1173 1543 1238 δυ
1561 1185 1580 1240 2

235 1258 344 1332 νατόν
365 1289 485 1352 φαμεν,
517 1259 630 1348 ούτως
651 1273 800 1338 συνιέναι
822 1266 865 1340 τὰ
887 1273 924 1340 ἐν
946 1275 988 1357 τῇ
1010 1275 1120 1339 πίστει
1144 1263 1305 1357 λεγόμενα
1327 1263 1387 1356 ούχ
1409 1263 1485 1340 οίόν
1506 1295 1544 1338 τε

234 1359 280 1448 μή
300 1357 461 1449 μαθόντα
488 1357 725 1456 ὁμολογοῦμεν.
769 1365 811 1438 τὰ
833 1374 895 1456 μὲν
917 1365 979 1456 γὰρ
1002 1359 1038 1438 εὖ
1065 1363 1228 1454 λεγόμενα
1254 1375 1468 1456 προσίεσθαι,
1501 1365 1543 1436 τά

236 1465 272 1531 δὲ
303 1455 464 1548 άλλότρια
493 1461 538 1552 μή
569 1473 770 1554 προσίεσθαι
800 1463 861 1556 ούχ
891 1462 1009 1548 δειλῶς
1035 1462 1056 1556 ή
1084 1475 1210 1549 πίστις,
1241 1461 1314 1538 ἀλλ’
1339 1463 1359 1556 ή
1381 1474 1458 1554 περὶ
1480 1465 1545 1556 τὴν

181 1573 217 1626 10
235 1555 386 1650 μάθησιν
405 1567 519 1644 πίστις
539 1565 676 1653 ἐμποιεῖ.
707 1571 736 1636 εί
757 1563 789 1638 δ’
813 1565 833 1658 ή
856 1566 975 1656 ἄγνοια
990 1562 1186 1638 ἀπαιδευσία
1201 1595 1238 1638 τε
1254 1558 1321 1653 άμα
1335 1573 1390 1636 καί
1406 1561 1543 1654 άμαθία,
1563 1581 1581 1635 ῦ

238 1658 301 1749 τήν
323 1657 512 1750 ἐπιστήμην
533 1671 607 1734 τῶν
628 1672 737 1736 θείων
758 1673 814 1736 καὶ
840 1662 1077 1752 ἀνθρωπίνων
1099 1671 1275 1755 ἐντίθησιν
1297 1661 1317 1754 ή
1340 1671 1545 1736 διδασκαλία.

235 1754 310 1830 ἀλλ’
332 1757 380 1844 οίς
403 1765 441 1832 ἐν
467 1767 566 1854 πενίη
592 1770 669 1846 βίου
695 1759 812 1852 ὀρθῶς
840 1767 911 1836 ἔστι
932 1771 1037 1852 βιοῦν,
1060 1758 1153 1835 σύτω
1176 1772 1211 1836 δε
1233 1773 1289 1836 καί
1310 1769 1348 1836 ἐν
1368 1769 1544 1853 περιουσίᾳ
1564 1784 1582 1840 4

236 1861 376 1945 ἔξεστιν,
408 1866 462 1932 καί
494 1862 579 1953 ῥᾷον
609 1855 676 1952 άμα
706 1873 762 1934 καί
791 1869 927 1936 θᾶττον
958 1863 1019 1936 σύν
1042 1871 1085 1952 τῇ
1106 1869 1309 1954 προπαιδεία
1331 1869 1479 1954 θηρᾶσαι
1501 1861 1545 1933 ἄν

236 1986 313 2029 τινα
345 1957 409 2048 τήν
439 1955 563 2052 άρετήν
590 1956 823 2052 ὁμολογοῦμεν
854 1960 931 2036 ούδέ
962 1969 1036 2052 δίχα
1066 1961 1205 2036 τούτων
1227 1960 1408 2054 άθήρατον
1430 1954 1545 2044 ούσαν,

182 2071 218 2122 15
236 2061 328 2148 πλήν
357 2066 412 2130 καὶ
449 2057 529 2132 τότε
561 2078 633 2145 τοῖς
665 2059 877 2153 μεμαθηκόσι
907 2068 961 2134 καὶ
996 2063 1056 2134 »τὰ
1088 2061 1294 2154 αἰσθητήρια
1325 2087 1545 2154 συγγεγυμνα-

235 2163 396 2246 σμένοιςι.
415 2168 420 2242 1
442 2177 554 2250 »μίσος
574 2167 636 2248 μὲν
657 2159 751 2252 γόρι.
775 2169 878 2250 φησίν
900 2157 919 2232 ὁ
939 2163 1119 2252 Σολομων,
1146 2166 1279 2252 »ἐγείρει
1302 2183 1420 2246 νεῖκος,
1443 2157 1544 2244 όδούς
1562 2179 1683 2235 337Ρῦ

235 2262 270 2328 δέ
302 2262 389 2346 ζωῆς
421 2256 581 2344 φυλάσσει
611 2267 777 2344 παιδεῖαι
813 2259 860 2344 ιύς
890 2259 935 2352 μή
966 2258 1200 2352 άπατηθήναι,
1229 2258 1277 2345 αός
1297 2261 1342 2351 μή
1373 2269 1543 2352 κλαπῆναι

234 2355 321 2444 πρός
342 2363 416 2428 τῶν
437 2361 492 2428 ἐπὶ
513 2357 618 2447 βλάβη
637 2367 711 2432 τῶν
726 2356 956 2450 άκροωμένων
969 2370 1193 2450 κακοτεχνίαν
1207 2358 1417 2452 ἠσκηκότων.
1453 2383 1578 2438 »mu-0

236 2462 307 2528 δεία
328 2461 364 2529 δέ
386 2451 622 2548 άνεξέλεγκτος
643 2466 843 2546 πλανᾶται,ι
870 2467 981 2550 φησίν,
1004 2468 1060 2531 καί
1080 2459 1143 2550 χρὴ
1165 2479 1313 2550 μετεῖναι
1335 2460 1375 2532 τὸ
1398 2464 1542 2550 ἐλεγκτι-

181 2565 218 2618 2'0
235 2553 298 2626 κόν
328 2557 416 2638 είδος
451 2559 547 2628 ίνεκα
578 2563 641 2630 τοῦ
671 2558 732 2641 τὰς
763 2557 862 2648 δόξας
892 2559 953 2641 τὰς
984 2557 1161 2646 άπατηλὰς
1195 2558 1433 2648 διακρούεσθαι
1469 2565 1542 2630 τῶν

236 2677 420 2742 σοφιστων.

320 2747 368 2827 Εύ
398 2763 481 2845 γοῦν
510 2763 565 2828 καί
594 2753 792 2846 Ἀνάξαρχος
813 2753 832 2830 ό
855 2755 1098 2848 Εύδαιμσνικός
1128 2763 1166 2830 ἐν
1195 2763 1247 2848 τῷ
1273 2766 1349 2845 περὶ
1374 2763 1541 2841 βασιλείας
1559 2771 1634 2838 ῦῦ,1

237 2853 368 2944 γράφει·
406 2863 619 2946 νπσλυμαθίη
655 2854 764 2944 κάρτα
802 2863 865 2948 μὲν
900 2855 1042 2946 αίφελεῦ,
1082 2853 1189 2946 κάρτα
1228 2861 1264 2928 δὲ
1297 2855 1441 2942 βλάπτει
1477 2855 1541 2928 τόν

236 2959 370 3044 ἔχοντα·
407 2952 550 3043 αόφελέει
580 2961 641 3045 μὲν
667 2953 731 3028 τόν
751 2957 863 3044 δεξιὸν
884 2951 978 3042 ὄντα,
1000 2955 1144 3044 βλάπτει
1166 2962 1201 3027 δέ
1224 2953 1287 3027 τόν
1308 2957 1447 3046 ῥηιδίως
1468 2984 1541 3044 φω-

181 3071 217 3122 ·.’.“ι
237 3061 361 3126 νέοντα
386 3061 457 3126 πᾶν
484 3059 564 3139 ἔπος
585 3063 641 3127 καὶ
663 3060 701 3128 ἐν
721 3063 826 3128 παντί
850 3054 954 3148 δήμῳ.
995 3056 1059 3147 χρή
1081 3064 1116 3129 δὲ
1137 3063 1256 3142 καιροῦ
1276 3061 1383 3146 μέτρα
1405 3060 1540 3128 είδέναι·

235 3161 357 3246 σοφίης
391 3153 454 3244 γάρ
486 3147 588 3238 οὗτος
618 3153 707 3244 όρος.
755 3149 829 3228 όσοι
862 3160 898 3226 δὲ
927 3163 984 3226 καὶ
1015 3155 1159 3244 θύρησιν
1188 3153 1367 3229 αἐίδουσιν.
1398 3150 1463 3242 κῆν
1493 3182 1540 3242 πη

322 3335 358 3392 11
377 3333 433 3404 vgl.
452 3337 532 3390 Anm.
551 3354 585 3392 zu
602 3335 684 3392 Ρεεδ.
702 3336 727 3388 11
750 3337 791 3398 25.
809 3335 826 3390 3
912 3336 976 3392 151
992 3333 1046 3406 ταί.
1064 3334 1148 3390 Hebr.
1166 3337 1189 3397 5,
1209 3337 1242 3390 14
1323 3335 1437 3392 16-19
1460 3335 1540 3389 Prov.

237 3421 276 3486 10,
295 3419 355 3474 121.
374 3421 406 3472 17
484 3419 550 3476 w
564 3419 620 3490 vgl.
632 3419 783 3476 soembaeh
802 3419 899 3476 Gnom.
913 3419 1001 3475 Vatia.
1019 3421 1070 3476 469
1156 3417 1255 3476 28—8.
1270 3419 1350 3484 m
1369 3423 1456 3474 Anu.
1469 3417 1512 3472 Fr.
1526 3421 1539 3472 1

235 3503 310 3558 Diels
331 3502 457 3560 Vonokr.
475 3507 539 3568 479;
557 3505 612 3574 vgl.
632 3505 761 3574 Βοτυεγε,
778 3503 945 3560 Ges.Abh.1
967 3523 992 3576 p.
1007 3505 1153 3570 123-128;
1175 3503 1274 3575 Bergk,
1287 3503 1422 3574 ΟραεαΠ
1440 3503 1490 3556 293
1501 3521 1540 3570 sq.

322 3657 336 3711 ἰ’
366 3657 491 3712 συνιέναι
513 3655 631 3711 Ησεείιε]
658 3657 825 3712 συιέτναιΙι
906 3657 945 3712 10
971 3655 1064 3712 πίστιν
1085 3653 1211 3724 μάθησις
1233 3657 1264 3710 δῦ
1343 3653 1370 3712 εί
1387 3648 1414 3710 δ’
1433 3655 1460 3724 η]
1478 3655 1494 3724 ὴ
1513 3649 1541 3708 δ’

235 3741 281 3794 Ma
299 3732 362 3795 οὐδ’
381 3739 426 3794 Wi
509 3741 544 3796 ll
564 3737 708 3809 ἐντίθησιν
724 3741 740 3810 η
755 3741 918 3796 διδασκαλία
930 3739 1049 3796 ίεοΙεεου
1062 3737 1188 3809 ἐντίθησι
1205 3746 1240 3810 τῇ
1258 3741 1421 3814 διδασκαλία
1440 3739 1461 3792 L

237 3825 274 3882 15
292 3823 462 3896 αίσθητήρια
480 3824 514 3878 Ιιῑ
532 3821 714 3896 αίσθηταίρια
732 3825 768 3880 [ι’
847 3825 885 3880 22
906 3820 922 3878 δ
942 3821 1145 3892 Εὐδαιμονικὸς
1164 3824 1281 3880 Ηῦεοίεεί
1299 3821 1502 3892 εὐδαιμονικῶς
1519 3823 1539 3876 L

280 3910 321 3966 28
339 3909 503 3978 πολυμαθίη
521 3909 596 3964 Stob.
614 3909 745 3972 Flor.34.
763 3910 794 3964 19
812 3909 1029 3976 πολυμαθείηῐι
1106 3905 1225 3976 ὠφελέει
1238 3908 1312 3962 Βίοο.
1394 3907 1459 3962 281
1479 3905 1540 3976 [τὸν

234 3989 348 4066 ἔχοντα]
367 3993 456 4064 Bergk
534 3993 573 4049 24
587 3987 1048 4060 τὸνδεξιδνθλοίτ.τδνδείὶξιονίι
1130 3989 1209 4060 ὄντα]
1221 3987 1311 4064 ἄνδρα
1324 3993 1398 4048 Stob.
1479 3991 1544 4048 241

235 4077 394 4148 φωνέονταί
412 4082 560 4146 φωνεῦντα
573 4078 640 4134 oder
654 4085 804 4148 φωνοῦντα
823 4077 898 4132 Stob.
977 4078 1016 4132 25
1034 4078 1083 4132 καί
1096 4073 1127 4132 ἐν
1139 4075 1213 4131 stob.
1231 4069 1259 4130 κ’
1270 4073 1301 4132 ἐν
1319 4076 1341 4130 1,
1411 4075 1450 4130 2ss
1463 4070 1540 4146 δρας]

234 4155 324 4234 οὖρος
341 4163 432 4232 Bergk
513 4157 577 4218 ὅσοι
594 4159 633 4234 δέ]
657 4159 685 4218 οἳ
703 4159 752 4230 (σί)
770 4161 799 4219 δέ
818 4161 885 4218 εδει
901 4158 928 4218 εί
945 4159 974 4219 δε
992 4157 1021 4217 οί
1038 4161 1113 4218 stob.
1200 4159 1265 4218 2⁰1
1279 4163 1328 4218 καί
1345 4159 1475 4228 θίρηισιν
1493 4161 1541 4230 (ῦῦ

235 4247 316 4318 ῥῆσιν
333 4247 440 4302 Monac.
453 4251 504 4306 479
523 4247 616 4303 ottob.
633 4249 674 4308 94„
693 4245 779 4302 daher
795 4249 868 4303 θεοῦ
885 4245 966 4318 ῥῆσιν
983 4246 1073 4316 sym)
1092 4243 1240 4312 ἀείδουσιν,
1261 4237 1323 4314 κήν
1345 4263 1382 4312 πη
1405 4247 1412 4304 ί
1417 4242 1432 4312 ή
1450 4241 1484 4314 ἦν
1502 4261 1540 4312 πη

238 4331 282 4400 Vi)
303 4331 483 4402 πεπνυμένην
505 4335 546 4388 ίεο
569 4331 602 4386 Ῑιί
625 4331 669 4386 fflr
691 4328 895 4400 πεπνευμένηιη
918 4327 1048 4386 ἀείδωσιν
1066 4330 1087 4384 L
1109 4322 1162 4396 ἐξω
1179 4336 1283 4402 καιροῦ
1300 4326 1382 4398 ῥῆσιν
1403 4331 1541 4398 μαντικήν

235 4415 419 4484 πεπνυμένος
446 4413 579 4473 δείσωσιν
608 4413 756 4482 (άάσονοιν
782 4415 810 4468 Μ
840 4411 983 4470 δείσονσιν
1005 4415 1040 4480 Δ)
1067 4413 1142 4468 Stob.
1162 4413 1223 4468 HSS
1253 4409 1307 4480 ἐξω
1332 4421 1435 4486 καιροῦ
1460 4411 1541 4484 ῥῆσιν

235 4503 372 4570 μουσικήν
398 4500 564 4570 (ἀείδουσιν.
590 4497 649 4570 κήν
686 4497 870 4568 πετεννμένως
896 4496 1029 4556 δείσωσιν
1053 4499 1143 4554 Hense
1172 4499 1222 4552 καί
1247 4497 1366 4568 θύρησιν
1392 4493 1541 4562 ἀείδουσιν,

235 4583 323 4656 ήνιιερ
341 4583 507 4654 πεπνυμένα
525 4581 655 4640 άείδωσιν
673 4584 793 4652 Βειυεγε
812 4577 879 4650 (ἔξω
891 4589 1007 4654 καιροῦ»
1025 4579 1145 4652 θύρηοιι·
1162 4579 1293 4650 ἀείδουσι,
1311 4583 1363 4652 κῆν
1376 4579 1540 4650 πεπνυμένα

235 4665 368 4726 ιἐάσωσιν
386 4670 477 4740 Bergk
