3704 5530
608 549 805 606 εοοωοινι.
823 549 1147 622 cap.x1.92.1—9⁶,4.
1469 558 1530 620 ιιυ

221 726 335 798 χεῖρον
358 717 506 800 νομίζειν
527 721 750 800 φιλοσοφίαν,·
772 709 857 802 τάχα
878 741 947 785 που
968 719 1023 784 καί
1045 707 1065 785 ό
1085 709 1200 802 κόριος
1215 709 1256 784 τό
1271 717 1406 802 πλῆθος
1421 717 1566 784 ἐκεῖνον

223 813 296 880 τῶν
322 811 377 882 ἐπλ
404 817 466 900 τῆς
491 807 579 896 πόας
609 819 893 884 κατακλιθέντων
922 811 1128 901 καταντικρό
1159 817 1220 902 τῆς
1246 809 1435 902 Τιβεριάδος
1456 831 1531 894 τοῖς

222 905 334 998 ἐχθόσι
361 929 433 994 τολς
459 917 531 984 δυσὶ
557 919 612 984 καί
636 929 708 996 τοίς
729 913 758 984 ε’
783 931 856 996 τοὶς
877 921 1044 1002 κριθίνοις
1065 917 1246 1000 διέθρεψεν
1267 911 1397 998 άρτοις,
1429 917 1529 984 αίνισ·

223 1005 364 1098 σόμενσς
391 1009 456 1101 τήν
481 1017 705 1100 προπαιδείαν
725 1009 899 1104 Ἑλλήνων
925 1041 963 1086 τε
988 1021 1044 1084 καί
1065 1009 1236 1085 Ἰουδαίων
1257 1009 1325 1101 πρὸ
1348 1018 1411 1084 τοῦ
1433 1017 1532 1082 θείου

188 1125 205 1178 ο
222 1117 333 1198 πυροῦ
352 1117 415 1203 τῆς
436 1109 523 1183 κατά
544 1109 610 1183 τόν
631 1108 739 1202 νόμον
760 1118 1011 1202 γεωργουμένης
1030 1117 1175 1203 τροφῆς·
1196 1119 1451 1202 προπετεστέρα
1467 1110 1568 1200 γάρθ

222 1216 268 1294 είς
295 1207 391 1299 ὥραν
417 1215 540 1300 θέρους
566 1217 629 1284 τοῦ
654 1218 764 1302 πυροῦ
788 1217 921 1300 μᾶλλον
942 1207 963 1302 ή
984 1209 1097 1302 κριθή.
1140 1209 1206 1300 τήν
1227 1217 1262 1284 δέ
1283 1206 1348 1282 άνά
1370 1209 1434 1282 τόν
1455 1208 1531 1280 κλό-

222 1316 318 1381 δωνα
344 1307 407 1381 τόν
432 1309 574 1382 ἐθνικόν
595 1317 814 1401 γεννωμένην
836 1339 872 1382 τε
894 1317 949 1382 καλ
972 1317 1164 1402 φερομένην
1191 1318 1399 1399 φιλοσοφίαν
1419 1305 1530 1400 Ἕλλη

224 1407 321 1499 νικήν
355 1412 388 1480 ολ
422 1407 536 1496 ίχθόες
572 1406 732 1500 ἐμήνυον,
769 1417 816 1495 είς
849 1410 1039 1502 διατροφήν
1065 1417 1071 1500 Ι
1097 1415 1216 1500 ἐκτενῆ
1246 1429 1319 1494 τοις
1349 1413 1399 1482 ἔτι
1428 1417 1528 1500 χαμαὶ
1547 1414 1628 1472 2818

220 1515 385 1598 κειμένοις
406 1513 592 1598 δεδομένοι·
628 1506 832 1600 αὐξήσαντες
852 1518 914 1602 μὲν
936 1507 1049 1584 οόκέτι
1071 1507 1228 1598 καθάπερ
1250 1517 1324 1582 τῶν
1345 1509 1463 1600 ἄρτων
1486 1509 1566 1582 τάί

172 1619 205 1674 10
221 1605 410 1696 κλάσματα,
440 1613 503 1698 τής
524 1614 560 1680 δὲ
583 1615 646 1682 τοῦ
671 1617 790 1698 κυρίου
810 1607 1060 1700 μεταλαβόντες
1082 1607 1236 1699 εὐλογίας
1258 1609 1322 1700 τήν
1343 1605 1529 1682 ἀνάστασιν

222 1714 283 1798 τῆς
304 1706 486 1798 θειότητος
508 1707 562 1780 διά
584 1715 645 1799 τῆς
667 1715 731 1782 τοῦ
753 1708 857 1798 λόγου
882 1707 1055 1799 δυνάμεως
1076 1706 1358 1798 ἐνεπνεόσθησαν.
1401 1705 1477 1782 ἀλλ’
1500 1715 1565 1780 είθ

221 1814 275 1880 καί
306 1814 482 1898 περίεργος
508 1809 551 1894 εί,
583 1811 700 1896 έκλαβε
728 1807 879 1898 θάτερον
906 1817 980 1881 τῶν
1005 1807 1140 1898 ίχθόων
1161 1807 1226 1898 τήν
1247 1807 1434 1898 ἐγκόκλιον,
1464 1807 1529 1882 τόν

222 1905 346 1978 λοιπόν
374 1913 410 1980 δέ
441 1903 548 1998 αότήυ
577 1912 711 2000 ἐκείνην
742 1908 806 1999 τήν
831 1913 1118 1996 ἐπαναβεβηκυιαν
1144 1905 1283 1998 μηνύειν
1310 1915 1528 1997 φιλοσοφίαν,

221 2010 256 2076 αἳ
277 2011 363 2096 δήια
385 2003 596 2097 ήσυνάλογοι
617 2004 723 2098 λόγου
745 2013 807 2080 τοῦ
828 2013 1002 2098 κυριακοῦ·

170 2197 202 2252 ¹⁶
521 2188 621 2278 χορός
643 2195 678 2262 δέ
701 2187 858 2262 άνοόδων
879 2189 1011 2280 ίχθόων
1032 2189 1225 2278 ἐπερρόθει,

221 2365 240 2458 ή
262 2377 370 2460 μοῦσα
393 2367 413 2460 ή
436 2371 577 2462 τραγική
601 2377 732 2462 εἴρηκέν
751 2401 828 2444 που.
875 2369 975 2461 »κάμέ
997 2377 1048 2442 δελ
1067 2375 1309 2456 ἐλαττοῦσθαι,
1337 2363 1467 2456 αόξεινι
1493 2375 1566 2440 δέθ

218 2467 328 2556 μόνον
359 2467 423 2560 ήδη
454 2469 577 2542 λοιπόν
605 2469 668 2544 τόν
693 2469 856 2560 κυριακὸν
877 2467 991 2560 λόγον,
1022 2473 1068 2553 είς
1090 2465 1131 2540 όν
1151 2477 1351 2560 περαιοῦται
1374 2465 1393 2540 ό
1415 2467 1527 2560 νόμος,

221 2563 240 2638 ό
261 2567 444 2660 προφήτης
465 2575 598 2660 είρηκεν
618 2567 785 2658 Ἰωάννης.
820 2569 917 2653 σόνες
937 2565 1001 2660 ἤδη
1022 2597 1079 2660 μοι
1102 2569 1143 2642 τὸ
1165 2567 1351 2660 μυστήριον
1374 2577 1434 2660 τῆς
1449 2565 1528 2658 άλη·
1546 2579 1622 2646 ⁹⁵2¹

220 2675 325 2750 θείας,
347 2669 549 2760 συγγνώμην
571 2667 762 2760 ἀπονέμων,
786 2675 814 2740 εί
835 2675 1024 2758 περαιτέρω
1039 2677 1237 2758 προβαίνειν
1260 2675 1320 2760 τῆς
1339 2673 1528 2760 ἐξεργασίας

168 2781 203 2836 20
221 2761 327 2850 δκνῶ,
359 2775 456 2840 τουτί
486 2767 594 2858 μόνον
629 2766 885 2860 άνακηρόσσων·
930 2765 1062 2840 »πάντα
1093 2765 1139 2842 δι’
1170 2765 1277 2842 αὐτοῦ
1307 2773 1440 2860 ἐγένετο
1471 2775 1526 2839 καὶ

219 2865 322 2956 χωρίς
344 2865 451 2940 αδτοῦ
472 2873 605 2958 ἐγένετο
628 2865 704 2942 οόδέ
728 2869 788 2940 ίνπ
828 2864 942 2960 άμέλει
967 2877 1083 2952 »λίθος
1104 2864 1365 2958 άκρογωνιοιοςι
1386 2873 1562 2957 είρηται,θ

223 2969 278 3038 »ἐν
300 2959 329 3057 ᾧ
351 2973 442 3040 πάσα
465 2969 626 3058 οἰκοδομὴ
648 2976 987 3060 συναρμολογουμένη
1010 2961 1101 3056 αὔξει
1124 2975 1169 3052 είς
1192 2966 1276 3040 ναόν
1298 2961 1395 3057 άγιον
1419 2973 1522 3039 θεοῦι

219 3065 307 3138 κατά
338 3065 402 3138 τόν
432 3079 529 3140 θετον
558 3065 764 3142 άπόστολον.
807 3075 928 3140 σιωπῶ
957 3069 1001 3140 τὰ
1027 3075 1089 3140 νῦν
1120 3067 1185 3158 τήν
1211 3073 1320 3158 ἐντῷ
1343 3063 1562 3156 εδαγγελίῳθ

220 3167 419 3258 παραβολήν
441 3175 615 3258 λέγουσαν·
641 3163 758 3258 »όμοία
779 3173 870 3240 ἐστίν
885 3163 906 3258 ή
920 3175 1070 3254 βασιλεία
1086 3175 1158 3239 τῶν
1172 3163 1330 3258 οόρανῶν
1344 3163 1524 3256 ἀνθρώπῳ

168 3279 202 3334 25
221 3265 372 3358 σαγήνην
392 3273 438 3352 είς
460 3265 637 3338 θάλασσαν
665 3265 843 3358 βεβληκότι
871 3263 937 3338 κάκ
958 3273 1021 3338 τοῦ
1041 3265 1198 3357 πλήθους
1220 3273 1293 3338 τῶν
1316 3261 1526 3338 ἑαλωκότων

221 3363 354 3454 ίχθόων
384 3365 448 3456 τήν
478 3367 622 3458 ἐκλογήν
653 3373 726 3438 τῶν
756 3363 947 3456 άμεινόνιυν
975 3373 1194 3456 ποιουμένῳκ
1240 3363 1304 3456 ήδη
1329 3372 1365 3438 δέ
1386 3373 1440 3436 καί
1464 3365 1562 3448 τάςλ

222 3471 383 3556 τέσσαρας
405 3461 527 3556 άρετάς
549 3465 709 3554 άντικρυς
731 3461 751 3556 ή
775 3461 857 3554 παρ’
882 3461 961 3554 ήμλν
982 3474 1084 3554 σοφία
1108 3457 1177 3536 ιόδέ
1197 3493 1272 3548 πως
1295 3461 1525 3554 άνακηρόσσει,

221 3561 387 3637 ὥστεκαὶ
410 3567 548 3638 τούτων
575 3565 635 3648 τάς
660 3565 768 3655 πηγός
795 3585 867 3646 τοῖς
881 3559 1040 3654 Ἕλλησιν
1060 3563 1152 3654 παρὰ
1173 3561 1335 3654 Ἐβραίων
1357 3561 1525 3636 δεδόσθαι.

219 3675 342 3754 μαθεῖν
363 3661 395 3737 δ’
411 3671 448 3737 ἐκ
470 3660 577 3740 τῶνδ’
593 3667 732 3752 ἔξεστιν·
758 3673 831 3736 »καὶ
853 3669 882 3734 εί
903 3663 1121 3754 δικαιοσύνην
1138 3673 1143 3752 Ι
1163 3661 1276 3758 άγαπᾷ
1292 3693 1352 3747 τις,
1376 3667 1408 3736 οί
1423 3663 1525 3736 πόνοι
1544 3669 1628 3726 788Ρ

306 3953 386 4010 1-5.
403 3953 444 4008 M
464 3953 518 4024 vgl.
531 3951 592 4008 Joh.
604 3953 629 4016 θ,
641 3955 724 4008 9-11
806 3951 850 4006 M.
872 3951 910 4006 Η
925 3951 980 4019 vgl.
1001 3951 1076 4006 vitm
1092 3949 1183 4020 Spica
1197 3949 1309 4004 Solem.
1324 3949 1360 4002 111
1375 3967 1400 4020 p.
1413 3949 1463 4002 527

220 4037 264 4092 Η
289 4037 342 4108 vgl.
366 4036 506 4093 vielleicht
528 4035 614 4092 Exod.
636 4037 717 4100 29,2
809 4037 847 4092 16
874 4035 1026 4106 Sophoklen
1049 4035 1090 4090 Fr.
1113 4037 1164 4090 inc„
1187 4037 1239 4090 695
1329 4033 1366 4088 1⁸
1389 4031 1443 4100 νηί.
1462 4031 1524 4086 Joh.

218 4123 242 4188 3,
261 4123 295 4178 30
365 4123 400 4178 λλ
420 4121 476 4192 νηί.
494 4121 573 4176 Rom.
593 4117 776 4186 10,4(τέλος
792 4119 884 4188 νόμου
901 4120 1036 4192 Χριστός)
1106 4119 1246 4174 θθίίοίι.
1267 4117 1319 4184 1,3
1389 4115 1524 4184 mvgl.

221 4205 422 4278 Ephesia-201
489 4207 602 4262 24-20
620 4205 674 4276 νηί.
692 4205 792 4260 matth.
813 4207 851 4268 13,
869 4207 901 4259 47
912 4205 926 4258 f
991 4203 1102 4260 20-8.
1116 4204 1217 4268 48⁰,8
1236 4201 1340 4256 Weinh.
1359 4201 1413 4256 Sal.
1431 4203 1456 4262 8,
1475 4203 1489 4254 ἵ

303 4465 321 4518 4
343 4463 530 4534 προπαίέειαν
548 4461 569 4516 1,
651 4463 669 4518 8
691 4461 848 4532 διατροφήν
865 4461 901 4528 Sy
918 4461 1091 4530 διαστροφήν
1112 4459 1133 4512 1,
1214 4459 1252 4514 14
1271 4455 1433 4528 σννάλογοι]
1452 4455 1523 4513 εἰσιν

216 4543 317 4617 ἄλογοι
338 4547 404 4618 (ng.
427 4543 568 4610 ἀναύδων)
590 4547 621 4600 st
647 4539 837 4613 οιυανάλογοι
865 4545 904 4600 Ρο
931 4539 1102 4614 ουνάγγελοι
1126 4541 1214 4612 Ηεγεε
1305 4543 1341 4598 λθ
1370 4538 1523 4614 ἐπερρόθει

215 4632 315 4688 Athen.
336 4631 385 4686 Vll
409 4651 434 4703 p.
452 4631 543 4686 :²773
570 4626 777 4700 ἐκερρεθείηί,
868 4631 904 4684 λθ
926 4631 1054 4686 θεῐοοττ.
1072 4645 1121 4682 σοι
1144 4629 1176 4697 θη
1196 4629 1230 4682 L·
1320 4629 1357 4682 λθ
1382 4623 1410 4682 εί
1425 4645 1522 4698 κεραι·

215 4713 297 4786 τέρωι
315 4732 383 4772 corr.
402 4733 451 4770 οοι
470 4711 549 4786 εθιερ
567 4711 666 4784 έτέρωι
686 4713 719 4766 [τ’
