3784 5532
622 525 761 580 stromata
778 525 798 578 1.
821 524 885 594 Cap.
899 523 969 580 XIX.
987 527 1028 592 93,
1041 525 1133 590 4—96,
1148 529 1170 580 1.
1511 537 1549 596 61

243 695 316 772 κῶς
344 695 399 760 καὶ
430 693 709 778 καταληπτικῶς,
740 679 826 758 όταν
856 686 991 776 καθαρά
1019 683 1181 776 ἦκαρδία
1212 695 1357 778 γένηται.
1399 697 1453 760 καί
1475 685 1585 762 κατ’λ

241 793 387 878 ἔμφασιν
417 794 453 860 δὲ
482 793 536 858 καὶ
568 783 728 873 διάφασιν
754 787 785 858 ol
811 781 959 876 ἀκριβῶς
989 783 1072 876 παρ’
1093 781 1230 876 Ἕλλησι
1258 785 1551 878 φιλοσοφήσαντες

242 897 381 978 διορῶσι
409 887 473 960 τόν
499 883 597 960 θεάν·
633 893 788 959 τοιαῦται
810 885 873 977 γάρ
896 889 930 958 αἱ
952 884 1031 959 κατ’
1056 885 1242 976 ἀδυναμίαν
1266 897 1448 974 φαντασίαι
1470 885 1550 978 άλη-

243 1001 329 1074 θεις,
361 986 409 1072 ῶς
441 995 610 1075 φαντασία
640 994 832 1076 καθορᾶται
863 992 900 1058 ἐν
931 1003 1003 1070 τοῖς
1030 980 1145 1058 όδασιν
1171 996 1226 1059 καὶ
1249 983 1384 1078 δρῶμεν
1407 987 1472 1074 [τὰ]
1496 987 1550 1060 διὰ

209 1111 225 1162 ε’»
245 1095 317 1160 τῶν
349 1095 531 1175 διαφανῶν
561 1094 615 1158 καλ
647 1093 797 1175 διαυγῶν
827 1084 1006 1176 σωμάτων.
1049 1094 1164 1168 καλῶς
1191 1079 1252 1160 οὖν
1275 1083 1294 1160 ό
1316 1088 1487 1176 Σολομῶν
1513 1089 1549 1158 »ὁ
1569 1095 1643 1162 θὸιῐ

244 1195 411 1276 σπείρωνι
445 1195 526 1278 φησὶ
560 1185 793 1276 »δικαιοσύνην
823 1183 997 1276 ἐργάζεται
1028 1195 1152 1258 πίστιν.
1195 1193 1255 1258 εἰσὶ
1286 1193 1322 1258 δὲ
1353 1191 1386 1258 οἱ
1413 1187 1456 1258 τά
1483 1191 1550 1258 ἴδια

244 1295 439 1374 σπείροντες
466 1289 500 1358 οἳ
524 1293 667 1359 πλείονα
688 1293 870 1358 ποιοῦσινπ
916 1293 972 1358 καὶ
993 1283 1109 1358 πάλιν·
1144 1289 1321 1375 »ἐπιμελοῦ
1343 1293 1417 1358 τῶν
1439 1291 1476 1358 ἐν
1498 1293 1549 1376 τῷ

243 1393 349 1476 πεδίῳ
375 1393 523 1476 χλωρῶν
549 1393 605 1457 καὶ
631 1406 738 1474 κερεσς
764 1383 871 1463 πόαν,
903 1392 957 1456 καὶ
985 1385 1148 1474 συνάγαγε
1170 1381 1296 1474 χόρτον
1319 1383 1462 1473 ῶριμον,
1495 1391 1549 1458 ἵνα

243 1493 319 1576 ἐχης
340 1484 495 1574 πρόβατα
517 1487 564 1568 εἰς
585 1483 789 1574 ίματισμόνπ
829 1481 911 1578 όρᾷς
935 1478 1031 1568 όπως
1053 1492 1108 1556 καὶ
1131 1491 1193 1574 τῆς
1215 1489 1345 1572 ἔξωθεν
1367 1491 1491 1574 σκέπης
1513 1493 1586 1556 152

193 1613 225 1666 ιη
241 1594 296 1658 καὶ
328 1591 481 1674 φυλακῆς
511 1591 748 1672 φροντιστέον.
793 1592 974 1670 »γνωστῶς
1000 1591 1037 1656 δέ
1063 1584 1234 1673 ἐπιγνῶση
1262 1583 1368 1672 φυχάς
1390 1591 1551 1674 ποιμνίου

241 1709 328 1756 σου(
377 1677 482 1756 »όταν
511 1681 574 1772 γάρ
606 1687 690 1772 ἐθνη
722 1681 764 1754 τά
794 1683 838 1772 μὴ
871 1681 977 1774 νόμον
1007 1685 1129 1772 ἔχοντα
1156 1683 1252 1770 φύσει
1279 1683 1322 1754 τά
1350 1691 1413 1754 τοῦ
1441 1679 1586 1772 νόμουθ

241 1791 401 1866 ποιῶσιν,
433 1775 530 1856 οὗτοι
561 1779 667 1874 νόμον
697 1783 741 1874 μὴ
773 1785 908 1871 ἔχοντες
939 1785 1071 1868 ἑαυτοῖς
1102 1789 1164 1854 είοι
1187 1779 1320 1874 νόμος»,
1346 1789 1424 1872 »τῆς
1450 1780 1548 1874 άκρο-

240 1891 375 1968 βιστίας
399 1883 442 1954 τά
463 1885 675 1972 δικαιώματα
702 1889 765 1954 τοῦ
792 1881 899 1972 νόμου
925 1881 1175 1972 φυλασσοόσηςι
1205 1881 1292 1954 κατὰ
1316 1881 1379 1955 τόν
1401 1878 1546 1956 άπόστο·

242 1993 305 2054 λον
324 1989 330 2068 Ι
349 1991 404 2054 καλ
427 1981 495 2070 πρὸ
518 1989 580 2053 τοῦ
604 1979 711 2070 νόμου
731 1991 786 2054 καί
809 1981 877 2070 πρὸ
901 1989 961 2071 τῆς
975 1989 1168 2070 παρουσίας.
1205 1986 1308 2054 οἱονεὶ
1326 1989 1360 2054 δὲ
1376 1981 1546 2072 σύγκρισιν
1566 1995 1680 2052 13784

191 2111 223 2162 15
238 2079 444 2170 ποιούμενος
471 2077 490 2152 ό
520 2079 621 2170 λόγος
648 2090 721 2154 τῶν
747 2079 815 2154 άπὸ
840 2089 1044 2168 φιλοσοφίας
1066 2080 1152 2170 πρὸς
1175 2081 1256 2162 τούς
1279 2081 1468 2170 αίρετικοδς
1489 2113 1546 2156 κα-

241 2187 437 2270 λουμένους,
470 2185 630 2270 ἐμφανῶς
652 2179 743 2254 πάνυ
767 2191 967 2272 »κρείσσωνε
993 2187 1074 2270 φησὶ
1101 2189 1217 2266 »φίλος
1240 2183 1335 2270 ἐγγὺς
1357 2179 1377 2272 ἢ
1400 2178 1546 2268 άδελφὸς

239 2279 372 2370 μακράν
394 2287 530 2352 ozanam-e
568 2275 624 2363 »ὃς
646 2287 681 2352 δέ
704 2285 863 2370 ἐρείδεται
886 2287 940 2354 ἐπὶ
964 2280 1133 2366 ψεύδεσιν,
1157 2274 1259 2364 οὗτος
1281 2291 1451 2372 ποιμαίνει
1474 2279 1547 2356 άνέ-

240 2407 322 2468 μους
353 2389 408 2451 καί
440 2380 554 2452 διῶκει
582 2373 683 2468 ὄρνεα
709 2379 897 2470 πτερωτάπ
944 2377 1005 2454 οόκ
1028 2382 1118 2468 οίμαι
1141 2391 1350 2468 φιλοσοφίαν
1372 2388 1481 2470 λέγειν
1503 2383 1583 2454 vab

242 2485 303 2548 νῦν
326 2477 389 2550 τόν
407 2487 412 2564 Ι
432 2479 550 2569 λόγον.
573 2489 685 2552 καίτοι
707 2485 744 2551 ἐν
765 2490 908 2562 πολλοῖς
931 2479 973 2550 τά
994 2477 1110 2550 είκότα
1132 2485 1290 2568 ἐπιχειρεῖ
1310 2489 1364 2552 καὶ
1386 2482 1545 2554 πιθανεέν
1562 2490 1646 2546 θῖῑιΡ

189 2603 223 2656 20
240 2605 313 2648 εται
350 2587 553 2666 φιλοσοφία,
590 2575 677 2652 άλλά
714 2579 775 2662 τάς
811 2584 950 2668 αίρέσεις
985 2582 1202 2667 ἐπιρραπίζει.
1262 2585 1411 2666 ἐπιφέρει
1447 2589 1581 2670 roa-⁶

245 2673 426 2752 »άπέλιπεν
456 2679 518 2770 γάρ
550 2675 650 2760 όδούς
681 2685 744 2750 τοῦ
774 2680 896 2750 ἑαυτοῦ
922 2674 1135 2767 άμπελῶνος,
1168 2677 1228 2760 τάς
1256 2685 1290 2750 δέ
1319 2681 1455 2767 τροχιὰς
1484 2689 1545 2754 τοῦ

239 2779 326 2848 ίδίου
357 2787 520 2868 γεωρχίου
550 2777 789 2868 πεπλάνηταιι
837 2771 936 2850 αόται
962 2784 1000 2848 δέ
1026 2785 1108 2848 είσιν
1135 2781 1169 2848 αλ
1195 2776 1260 2866 τὴν
1282 2783 1317 2863 ἐξ
1338 2775 1439 2869 ἀρχῆς
1462 2777 1544 2852 άπα-

241 2885 412 2950 λείπουσαι
438 2881 626 2968 ἐκκλησίαν.
669 2876 788 2950 αότίκα
815 2873 833 2948 ό
861 2883 908 2960 είς
934 2881 1060 2964 αἵρεσιν
1086 2873 1271 2948 όποπεσῶν
1295 2885 1475 2966 »διέρχεται
1498 2879 1579 2950 δέῖ

240 2979 372 3064 ἐρημίας
399 2973 576 3066 άνόδρου,ι
610 2977 674 3050 τόν
701 2971 813 3060 ὄντως
840 2971 925 3048 ὄντα
952 2976 1037 3048 θεὸν
1059 2977 1274 3055 καταλιπών,
1307 2982 1427 3066 ἔρημος
1450 2987 1543 3060 θεοῦ,

188 3097 222 3152 25
240 3067 332 3160 όδωρ
363 3074 514 3166 ἄνυδρον
544 3085 672 3169 ζητῶν,
711 3077 793 3166 »τὴν
820 3075 982 3166 άοίκητον
1010 3082 1065 3146 καί
1089 3081 1204 3160 δίηίον
1225 3073 1447 3166 ἐπερχόμενος
1470 3085 1543 3170 γῆν,

238 3171 396 3261 συνάγων
416 3183 528 3264 χερσίν
549 3175 743 3266 άκαρπίαν.ι
781 3185 854 3248 »καὶ
877 3195 949 3259 τοῖς
971 3181 1093 3248 ἐνδεέσι
1116 3184 1254 3262 φρενῶν
1275 3177 1544 3268 παρακελεύομαι
1563 3187 1638 3254 θθιῐ

239 3279 413 3364 λέγουσα.»
441 3285 545 3366 φησίν
566 3273 586 3366 ἦ
609 3285 726 3363 σοφία.
753 3296 826 3359 τοῖς
849 3273 934 3364 άμφὶ
957 3275 1018 3358 τὰς
1039 3279 1177 3362 αίρέσεις
1200 3273 1375 3364 δηλονότι,
1410 3277 1545 3366 »άρτων

236 3381 395 3458 κρυφίων
425 3369 533 3463 ἡδέως
563 3371 714 3460 άφασθε,
745 3385 800 3446 καὶ
827 3370 950 3456 ὕδατος
976 3381 1107 3464 κλοπῆς
1129 3382 1323 3464 γλυκεροῦ.»
1359 3375 1467 3462 άρτον
1489 3385 1543 3449 καὶ

237 3465 330 3560 άδωρ
358 3470 420 3544 οδκ
446 3471 503 3546 ἐπ’
527 3475 645 3546 άλλων
672 3483 793 3560 τινῶν,
824 3473 902 3547 ἄλλ’
924 3471 945 3564 ἢ
968 3479 1022 3546 ἐπὶ
1045 3483 1119 3545 τῶν
1142 3473 1238 3562 άρτῳ
1260 3481 1315 3546 καὶ
1338 3467 1435 3548 όδατι
1457 3477 1544 3548 κατά

185 3598 220 3648 οι
238 3571 304 3662 τὴν
325 3575 528 3662 προσφοράν
553 3575 599 3666 μὴ
621 3573 707 3646 κατά
735 3574 798 3646 τόν
824 3569 953 3644 κανόνα
977 3579 1037 3662 τῆς
1058 3577 1232 3661 ἐκκλησίας
1253 3581 1437 3662 χρωμένων
1459 3581 1542 3664 αίρέ-

236 3697 327 3742 σεων
354 3676 514 3762 ἐμφανῶς
542 3672 730 3763 ταττοόσης
758 3679 818 3762 τῆς
842 3679 982 3762 γραφῆς.
1027 3675 1087 3742 είσὶ
1111 3671 1173 3760 γάρ
1194 3676 1228 3744 οἳ
1248 3682 1302 3743 καὶ
1326 3667 1417 3764 ὕδωρ
1441 3676 1544 3759 ψιλόν

322 3897 367 3954 Η
391 3897 446 3968 ng
465 3899 546 3953 Ρίοίο
564 3899 629 3968 nep.
650 3897 684 3952 Vl
710 3919 734 3970 p.
752 3903 843 3954 510A
871 3897 904 3954 τά
928 3894 1040 3962 ἐντοῖς
1063 3889 1141 3952 θδασι
1164 3895 1353 3966 φαντάσματα
1378 3899 1429 3952 (als
1447 3901 1543 3954 zweite

236 3981 314 4035 sture
337 3981 593 4047 derErkenntnis);
622 3981 921 4043 ειεο.Εο1.149,σο
946 3979 1289 4053 ρεταιοονίααοιω.
1371 3984 1442 4038 54
1464 3983 1542 4038 Prov.
1643 3975 1650 3989 '

237 4065 387 4130 11,21.24
471 4067 541 4122 7-9
565 4065 783 4132 Ρτοε.27,25ί
862 4067 1140 4130 1οίΡτοτ.27,23
1223 4067 1336 4122 11-18
1360 4065 1482 4134 Roma
1504 4071 1542 4122 14.

235 4149 270 4202 τε
352 4149 414 4204 ιιι
428 4149 508 4204 prov.
527 4153 568 4218 τι,
588 4154 620 4205 ιο
702 4153 800 4208 ιε-ε.
814 4153 894 4218 οπο
914 4151 992 4206 prov.
1011 4153 1035 4220 9,
1056 4149 1161 4206 ωερε.
1181 4153 1220 4206 ιε.
1241 4151 1279 4204 ιτ.
1300 4153 1353 4208 ιεε

322 4347 368 4402 Μ
383 4345 519 4417 ἀληθείας
536 4345 576 4414 ὼς
594 4351 735 4425 φαντασίᾳ
754 4355 917 4422 καθορᾶται
949 4347 983 4404 τά
1017 4345 1047 4404 ἐν
1065 4357 1125 4414 τοῖς
1144 4343 1238 4404 θίασοι
1256 4349 1304 4404 καί
1319 4347 1432 4418 δρῶμεν
1450 4349 1540 4402 Mark-

235 4429 301 4484 Ικιιδ
319 4427 456 4500 ἀληθείας
472 4428 512 4498 ίυς
530 4435 672 4509 φαντασίᾳ
691 4439 806 4510 καθαρᾷ
825 4433 860 4490 τά
878 4431 909 4488 ἐν
921 4441 980 4498 τοῖς
993 4429 1088 4489 ἷίδασιν
1101 4430 1214 4502 δρῶμεν
1226 4435 1274 4490 καί
1292 4433 1370 4488 Schw
1441 4435 1458 4488 ἐ
1494 4435 1526 4504 ἢν

233 4511 265 4570 έν
283 4515 330 4569 Ha
418 4519 467 4574 καλ
485 4517 598 4590 ὁρῶμεν
616 4537 651 4568 ω
670 4519 806 4574 Roinkens
829 4537 853 4589 p.
872 4521 923 4574 315
940 4521 1054 4572 Anm.3
1081 4517 1195 4588 ὁρῶμεν
1212 4517 1299 4574 καλλι
1377 4515 1411 4574 τά
1430 4517 1498 4572 fiber
1516 4517 1541 4572 d.

231 4599 259 4654 Z
280 4599 313 4653 ἐν*
332 4599 387 4670 [τὰ]
406 4601 437 4656 st
526 4603 722 4674 8χλορῶνίι
802 4601 916 4672 ὀρεινόν
939 4595 1195 4672 Prov.‹‘1'›omovL
1278 4603 1313 4658 Ιλ
1338 4601 1468 4672 ψευδέσιν
1492 4603 1540 4656 La·

234 4681 333 4754 gurda,
356 4687 436 4740 Δοτιι.
455 4705 476 4740 τ.
495 4686 598 4756 griech.
618 4675 712 4742 Chen.
731 4687 756 4742 d.
776 4689 854 4744 Prov.
873 4691 898 4740 S.
917 4691 950 4740 32'
1032 4686 1072 4740 29
1090 4691 1147 4740 τῶν
1164 4687 1199 4754 Sy
1217 4693 1256 4756 τῷ
1277 4687 1297 4739 L
