3704 5530
544 595 743 654 stromatum.
762 597 937 670 esp.xv11L
958 601 1013 662 ιω,
1027 599 1134 660 ι-ιοι,
1148 601 1171 652 1.
1457 603 1515 666 517

206 761 270 836 τόν
297 759 409 834 τόπον
438 767 548 851 λέγων
574 765 657 846 (έπελ
679 768 734 834 καί
756 765 794 832 έν
814 757 923 852 ’.κίχαίᾳ
944 767 1213 832 πεπλεονακένοι
1236 759 1301 849 τῆν
1321 767 1437 830 πίστιν
1459 755 1518 830 αῦ-

206 859 266 946 τός
298 887 410 950 φησιν,
442 867 580 950 φέρεται
611 867 646 932 δὲ
676 857 743 932 κάν
772 879 846 942 ταῖς
874 858 1017 950 Πράξεσι
1049 867 1122 932 τιῦν
1153 855 1363 932 ἀποστόλων
1392 867 1448 930 καὶ
1481 865 1518 932 ἐν
1538 869 1632 934 lom

207 982 281 1045 ταῖς
303 957 459 1052 Ἀθήναις
484 960 629 1052 κηρύξας
656 959 720 1033 τὸν
748 957 879 1050 λόγον),
911 955 998 1033 άλλῦ
1024 959 1088 1050 τῆν
1115 968 1242 1050 γνοῦσιν
1270 955 1432 1042 διδάσκει,
1464 988 1516 1030 τε·

207 1071 344 1134 λείωοιν
372 1053 477 1132 οῦσαν
507 1067 568 1151 τῆς
598 1069 756 1146 πίστεως,
788 1065 943 1132 ἐπέκεινα
973 1059 1178 1150 περισσεύειν
1209 1064 1270 1148 τῆς
1300 1057 1517 1149 κατηχήσεως

172 1161 293 1232 [ικατά
322 1159 361 1231 τό
384 1171 561 1249 μεγαλεῖον
581 1166 643 1250 τῆς
666 1167 728 1232 τοῦ
749 1167 866 1249 κυρίου
888 1163 1102 1244 διδασκαλίας
1124 1167 1180 1228 καὶ
1202 1157 1266 1230 τόν
1288 1161 1515 1248 ἐκκλησιαστι-

205 1259 268 1332 κῦν
294 1259 433 1332 κανόνα.
477 1257 531 1331 διό
552 1267 607 1330 καί
629 1255 759 1347 ύποβάς
780 1263 947 1347 ἐπιφέρει·
972 1265 1019 1330 »εί
1040 1265 1076 1332 δὲ
1098 1265 1153 1328 καί
1175 1256 1315 1347 ίδιοότης
1337 1263 1389 1348 τῷ
1412 1255 1552 1346 λόγῳ,2

205 1355 278 1432 ἀλλ’
303 1355 343 1430 οῦ
372 1367 415 1448 τῆ
442 1358 589 1448 γνιύσειπ
636 1357 727 1447 πλὴν
749 1361 786 1430 οΐ
802 1385 838 1448 γε
860 1363 915 1430 ἐπὶ
938 1365 988 1449 τῷ
1011 1363 1239 1448 κατειλῆφθαι
1261 1355 1328 1447 τῆν
1350 1353 1514 1446 άλῆθειαν

206 1456 388 1548 αὐχοῦντες
426 1465 500 1530 τῶν
534 1453 707 1548 Ἑλλήνων
736 1453 931 1530 εἰπάτωσαν
961 1455 1053 1546 ῆμῖν,
1089 1455 1182 1546 παρά
1216 1463 1311 1539 τίνος
1345 1453 1517 1544 μαθόντες

207 1554 480 1644 ἀλαζονεύονται.
522 1555 615 1648 παρά
645 1563 729 1628 θεοῦ
755 1556 906 1646 μὲνγὰρ
933 1553 994 1630 ούκ
1017 1553 1059 1628 άν
1081 1555 1234 1648 φήσαιεν,
1265 1553 1358 1643 παρά
1381 1553 1516 1644 άνθριό-

154 1671 189 1724 10
205 1686 285 1728 πων
315 1663 351 1728 δὲ
383 1651 616 1746 ὁμολογοῦσιν.
659 1663 715 1726 καί
746 1661 774 1726 εἰ
804 1663 924 1740 τοῦτο,
955 1653 1034 1746 ήτοι
1061 1683 1097 1745 γε
1119 1653 1198 1744 παρ’
1221 1657 1356 1728 ἑαυτῶν
1378 1651 1442 1738 όφέ
1464 1659 1553 1726 ἐτι-4

205 1753 390 1846 μαθόντες.
419 1753 534 1846 ὥσπερ
561 1753 673 1846 άμέλει
700 1765 754 1826 καί
782 1761 1017 1846 τετυφωμένοι
1044 1763 1133 1838 τινές
1156 1751 1273 1828 αύτιῦν
1296 1751 1466 1843 αῦχοῦσιν,
1494 1751 1516 1843 ῆ

205 1853 285 1944 παρ’
309 1858 438 1944 ἑτέρων
465 1863 538 1928 τῶν
566 1851 703 1946 ὁμοίων.
746 1851 819 1928 άλλ’
843 1851 905 1928 οῦκ
931 1859 1081 1944 έχέγγυοι
1108 1851 1302 1928 διδάσκαλοι
1328 1861 1405 1941 περὶ
1431 1859 1553 1926 θεοῦθ

206 1962 364 2045 λέγοντες
402 1953 599 2043 ἄνθρωποι,
630 1955 721 2027 καθὸ
763 1955 962 2045 ἄνθρωποι·
993 1951 1036 2026 ού
1065 1953 1127 2046 γάρ
1163 1950 1346 2042 ἀξιόχρεως
1374 1959 1431 2042 [γε]
1460 1951 1515 2024 άν-

206 2053 350 2142 θρωπός
372 2083 407 2144 γε
430 2047 481 2126 ὢν
502 2063 557 2126 καί
579 2063 654 2144 περὶ
677 2061 762 2128 θεοῦ
783 2053 920 2144 τάληθῆ
942 2061 1061 2144 λέγειν,
1084 2051 1103 2126 ό
1123 2051 1269 2143 άσθενής
1284 2060 1340 2124 καί
1356 2056 1516 2142 ἐπίκηρος

153 2169 186 2222 15
204 2163 280 2244 περὶ
309 2161 372 2226 τοῦ
398 2151 587 2244 άγεννῆτου
611 2163 667 2226 καί
695 2151 878 2242 άφθάρτου
903 2161 959 2224 καί
987 2153 1027 2225 τὸ
1056 2157 1155 2242 ἔργον
1180 2159 1257 2240 περὶ
1285 2159 1347 2222 τοῦ
1374 2179 1515 2240 πεποιη-

203 2252 314 2336 κότος.
359 2249 423 2324 είθ’
445 2249 464 2324 ό
486 2253 531 2344 μῆ
552 2261 629 2341 περί
652 2251 759 2326 αύτοῦ
780 2249 915 2342 τάληθῆ
937 2261 1046 2342 λέγειν
1069 2248 1255 2341 δυνάμενος
1277 2245 1328 2340 ἆρ’
1345 2247 1387 2324 ού
1407 2259 1515 2324 πλέον
1535 2255 1633 2323 Ῑθθιῑ

205 2351 282 2424 οῦδὲ
320 2351 362 2423 τά
398 2361 476 2439 περὶ
506 2358 592 2424 θεοῦ
620 2358 837 2438 πιστευτέοςς
874 2345 955 2424 όσον
986 2351 1049 2440 γάρ
1081 2347 1217 2439 δυνάμει
1248 2357 1333 2422 θεοῦ
1364 2358 1514 2422 λείπεται

205 2453 408 2538 ἄνθρωπος,
441 2457 610 2524 τοσοῦτον
637 2459 693 2522 καὶ
723 2447 742 2522 ὁ
774 2447 876 2541 λόγος
907 2447 1012 2522 αύτοῦ
1039 2455 1224 2537 ἐξασθενεῖ,
1255 2447 1320 2521 κάν
1346 2449 1391 2539 μῆ
1418 2447 1513 2534 θεόν,

205 2547 292 2622 άλλίι
323 2557 399 2638 περὶ
429 2557 515 2622 θεοῦ
545 2557 625 2640 λέχη
654 2557 708 2621 καὶ
741 2557 803 2624 τοῦ
833 2557 930 2622 θείου
956 2546 1066 2638 λόγου.
1109 2545 1255 2638 ἀσθενής
1288 2549 1352 2636 γάρ
1375 2547 1471 2636 φύσει
1494 2543 1549 2620 52

153 2663 188 2716 20
205 2647 425 2736 άνθριύπειος
460 2647 562 2738 λόγος
597 2659 652 2720 καὶ
682 2645 851 2734 άδύνατος
881 2647 1008 2738 φράσαι
1037 2646 1137 2732 θεόν,
1170 2644 1211 2720 οῦ
1242 2641 1394 2737 τοῦνομα
1425 2654 1513 2736 λέγω

205 2748 340 2836 (κοινόν
367 2747 430 2838 γάρ
458 2755 562 2821 τοῦτο
589 2745 630 2820 οῦ
655 2744 860 2836 φιλοσόφων
884 2745 993 2838 μόνον
1014 2743 1203 2836 ὀνομάζειν,
1230 2742 1319 2820 άλλὰ
1340 2755 1396 2818 καί
1417 2775 1514 2836 ποιη-

206 2857 291 2936 τιῦν)
322 2845 401 2918 οῦδὲ
432 2847 496 2938 τῆν
528 2845 645 2920 οῦσίον
676 2843 859 2936 (άδύνατον
890 2844 979 2936 γάρ),
1011 2843 1099 2920 άλλά
1126 2846 1193 2936 τὴν
1218 2844 1361 2934 δύναμιν
1385 2851 1441 2916 καί
1470 2844 1513 2916 τά

206 2955 284 3038 ἔργα
313 2955 375 3019 τοῦ
401 2955 493 3018 θεοῦ.
536 2955 647 3020 καίτοι
674 2951 706 3020 οί
728 2944 992 3038 ἐπιγραφόμενοι
1018 2945 1103 3020 θεόν
1125 2944 1329 3018 διδάσκαλον
1349 2940 1445 3032 μόγις
1467 2950 1551 3026 είςλ

206 3053 342 3120 ἔννοιαν
374 3045 598 3135 άφικνοῦνται
625 3054 723 3126 θεοῦ,
751 3053 811 3140 τῆς
839 3045 979 3136 χάριτος
1005 3043 1122 3127 αῦτοῖς
1144 3043 1444 3134 συλλαμβανούσης
1466 3049 1513 3126 είς

154 3159 188 3214 25
205 3147 316 3236 ποσῆν
343 3153 541 3236 ἐπίγνωσιν,
574 3145 650 3220 οίον
676 3145 844 3238 θελήματι
870 3153 1002 3236 θέλημα
1022 3154 1077 3217 καί
1101 3153 1152 3236 τῷ
1175 3141 1260 3234 άγίῳ
1282 3142 1449 3232 πνεύματι
1472 3143 1512 3216 τό

206 3241 304 3335 άγιον
334 3253 467 3336 πνεῦμα
496 3257 645 3334 θεωρεῖν
674 3251 860 3334 ἐθίζοντες,
895 3239 969 3318 »ὅτι
998 3251 1130 3334 πνεῦμα
1158 3245 1200 3316 τά
1226 3241 1318 3334 βάθη
1345 3251 1408 3314 τοῦ
1430 3249 1514 3316 θεοῦ

205 3351 337 3440 ἐρευνᾷ,
368 3345 506 3436 ψυχικὸς
532 3352 567 3417 δὲ
589 3345 778 3434 ἄνθρωπος
800 3343 842 3416 ού
867 3351 997 3435 δέχεται
1020 3343 1063 3416 τά
1084 3350 1146 3416 τοῦ
1167 3343 1396 3433 πνεύματοςτ.
1426 3340 1513 3433 μόνη
1531 3355 1551 3410 4

206 3455 324 3518 τοίνυν
352 3443 371 3535 ῆ
400 3441 478 3532 παρ’
502 3441 581 3534 ήμῖν
608 3441 830 3527 θεοδίδακτός
852 3450 923 3517 ἐστι
945 3451 1062 3531 σοφία,
1086 3441 1144 3532 ἀφ’
1169 3436 1206 3533 ῆς
1230 3445 1263 3514 αλ
1285 3449 1390 3516 πᾶσαι
1411 3449 1514 3532 πηγαί

208 3553 268 3636 τῆς
291 3554 412 3632 σοφίας
435 3543 608 3635 ῆρτηνται,
632 3537 707 3616 ὅσοι
729 3573 765 3634 γε
788 3551 848 3634 τῆς
869 3541 1033 3634 ἀληθείας
1055 3541 1288 3632 στοχάζονται.
1330 3539 1444 3634 άμέλει
1466 3539 1550 3624 οῦςῦ

155 3667 189 3720 30
207 3643 250 3715 άν
278 3651 340 3718 τοῦ
367 3653 485 3732 κυρίου
513 3641 659 3734 ῆκοντος
685 3649 730 3724 είς
752 3639 962 3732 ἀνθρώπους
987 3649 1051 3716 τοῦ
1073 3639 1273 3730 διδάξοντος
1296 3638 1381 3732 ἡμᾶς
1402 3649 1515 3732 μυρίοι

206 3741 428 3834 σημάντορες,
459 3755 690 3832 καταγγελεῖς,
714 3745 921 3828 ἐτοιμασταί,
952 3741 1141 3832 πρόδρομοι
1177 3741 1316 3814 ἄνωθεν
1347 3745 1383 3813 ἐκ
1413 3769 1514 3812 κατα-

206 3849 309 3932 βολῆς
333 3855 337 3926 i
361 3841 498 3932 κόσμου.
526 3839 571 3916 δι’
588 3844 707 3932 ἔργων,
730 3841 783 3914 διά
807 3839 923 3932 λόγων
945 3839 1215 3932 προμηνύοντες,
1238 3839 1515 3930 προφητεύοντες
1532 3855 1617 3912 827Ρ

120 4009 124 4018 ,
206 3941 416 4019 ἐλεύσεσθαι,
444 3951 499 4014 καὶ
521 3949 590 4014 ποῦ
610 3949 665 4012 καί
687 3949 763 4024 πῶς
785 3951 839 4013 καί
862 3951 939 4014 τίνα
961 3941 1004 4012 τά
1027 3961 1152 4032 σημεῖα.
1195 3939 1307 4030 ἀμέλει
1328 3936 1515 4026 πόρρωθεν
1536 3957 1629 4022 lom

207 4047 396 4134 προμελετῆ
428 4035 446 4112 ό
478 4038 581 4132 νόμος
611 4049 667 4112 καλ
697 4039 718 4132 ῆ
749 4051 955 4132 προφητεία.
987 4045 1103 4114 ἔπειτα
1131 4046 1166 4114 δὲ
1193 4037 1212 4112 ό
1235 4038 1430 4128 πρόδρομος
1452 4043 1515 4110 δεί-

156 4163 189 4214 &¹5
206 4169 302 4212 κνυσι
327 4141 389 4212 τόν
410 4137 579 4228 παρόντα,
601 4137 678 4230 μεθ’
702 4135 743 4210 όν
764 4145 796 4212 ολ
817 4139 961 4232 κήρυκες
982 4149 1045 4232 τῆς
1065 4146 1264 4228 ἐπιφανείας
1287 4138 1352 4228 τῆν
1372 4137 1515 4228 δύναμιν

294 4301 625 4370 lrvgl.111‹01.v.2
706 4299 1049 4372 2tvgl.Aot.17‚16ff
1115 4299 1384 4362 Mllxor.11,6
1454 4298 1518 4354 101

207 4389 262 4453 καί.
281 4385 408 4440 Heraklit
425 4385 467 4440 Fr.
480 4385 514 4440 ⁸0
531 4385 607 4456 Byw.
621 4389 668 4442 101
688 4387 776 4448 Diels;
793 4387 883 4441 δίνου]
897 4385 999 4454 112,3;
1017 4385 1097 4454 Diog.
1111 4385 1199 4439 Ιιοετί.
1212 4383 1279 4439 ΙΧῦ
1348 4382 1411 4438 201
1427 4383 1437 4434 1
1451 4383 1514 4436 Kor.

207 4473 331 4526 2.1‹·.14
412 4469 780 4540 84rvg1.sou1.29.36

294 4597 332 4651 10
350 4595 421 4650 nach
439 4597 626 4667 τοῖτοίείγε
647 4615 700 4652 von
718 4597 752 4650 L¹
770 4595 872 4666 getilgt
953 4595 1127 4666 18[γε]Με
1209 4595 1247 4650 14
1266 4611 1298 4664 γε
1317 4593 1366 4647 Mn
1383 4591 1453 4648 τεῑι

209 4685 246 4738 Ιίί
270 4679 401 4737 atzam
490 4673 584 4752 ἄρ’ίι
671 4683 712 4736 20
738 4676 848 4750 τδνυμα
867 4680 888 4732 1,
978 4679 1017 4734 2⁴
1046 4677 1142 4744 αἰτεῖς
1169 4677 1256 4746 Ηεγεε
1282 4675 1431 4741 αῦτοῦςίι

209 4767 248 4822 30
266 4763 429 4832 διδάξαντος
447 4765 493 4820 Ma
510 4765 674 4832 διδάξαντος
691 4765 713 4819 1.
