3704 5530
497 577 633 632 stromata
653 575 698 630 Vl.
721 575 786 647 Cap.
799 573 857 630 vu.
875 577 917 642 60,
928 577 1044 648 2-οορ.
1059 577 1131 630 Vlll.
1148 579 1190 644 64,
1202 579 1226 632 2.
1444 583 1503 646 463

198 739 267 824 ἐξιν
304 745 452 827 θεωρίας
496 733 606 810 όίδιον
647 745 703 810 καί
744 733 998 812 όναλλοίωτον·
1044 743 1129 812 Vlll.
1166 743 1238 812 ἐπεὶ
1277 747 1333 810 καί
1368 745 1503 824 Παῦλος
1521 750 1597 812 w

197 843 234 910 ἐν
270 857 344 922 ταῖς
377 843 572 922 ἐπιστολαῖς
607 835 648 910 ού
682 847 891 926 φιλοσοφίαν
924 835 1120 926 διαβάλλων
1158 845 1331 926 φαίνεται,
1368 838 1432 912 τόν
1467 847 1502 912 δέ

198 942 261 1009 τοῦ
293 945 486 1026 γνωστικοῦ
520 935 823 1028 μεταλαμβάνοντα
857 933 966 1026 ῦφους
995 935 1109 1010 σύκέτι
1143 943 1385 1029 παλινδρομεῖν
1414 935 1505 1026 άξιοῖ

197 1039 252 1108 ἐπί
278 1035 344 1126 τῆν
364 1031 562 1130 Ἑλληνικήν
588 1043 804 1126 φιλοσοφίαν,
836 1055 983 1126 στοιχεῖα
1011 1045 1074 1110 τοῦ
1093 1034 1224 1128 κόσμον
1244 1037 1375 1130 ταύτην
1401 1033 1502 1130 άλλη-

164 1143 321 1224 ῠγοριῦν,
352 1136 610 1228 στοιχειωτικήν
645 1167 722 1210 τινα
757 1129 862 1211 ούσαν
891 1145 946 1208 καί
977 1143 1201 1226 προπαιδείαν
1236 1143 1298 1228 τῆς
1331 1133 1503 1229 όληθείας.

198 1233 251 1308 διό
285 1243 341 1306 καί
369 1256 441 1320 τοῖς
469 1233 632 1328 Ἑβραίοις
666 1235 812 1328 γράφων
848 1257 920 1322 τοῖς
955 1235 1277 1328 ἐπανακόμπτουσιν
1312 1240 1359 1320 είς
1397 1235 1539 1328 νόμονθ

198 1339 235 1406 ἐκ
269 1343 417 1420 πίστεως
456 1334 517 1427 »[ῆ]
554 1335 677 1410 πάλινι
711 1345 792 1428 φησλ
826 1347 956 1426 ιχρείαν
985 1341 1075 1427 ίχετε
1110 1343 1173 1410 τοῦ
1202 1335 1370 1410 διδάσκειν
1403 1335 1501 1427 ῦμᾶς,

198 1441 275 1506 τίνα
311 1433 353 1507 τόι
384 1455 532 1526 στοιχεῖα
557 1444 619 1528 τῆς
640 1434 741 1528 α’ρχῆς
771 1445 846 1510 τῶν
876 1445 1004 1528 λογίων
1034 1444 1098 1508 τοῦ
1127 1443 1225 1520 θεοῦ,
1255 1443 1311 1508 καί
1342 1433 1502 1527 γεγόνατε

197 1541 312 1622 χρείαν
346 1537 481 1626 ἔχοντες
516 1534 685 1626 γάλακτος
719 1545 774 1610 καί
811 1533 853 1610 ού
880 1543 1018 1626 στερεάς
1042 1543 1197 1627 τροφῆς.ι
1245 1533 1410 1620 τόσαύτως
1437 1537 1502 1628 ἄρα

151 1656 181 1708 10
198 1641 253 1704 καί
294 1653 366 1720 τοῖς
405 1637 441 1721 ἐξ
478 1631 651 1728 Ἑλλήνων
692 1641 930 1727 ἐπιστρέφουσι
972 1643 1215 1710 Κολοσσαεῦσι·
1258 1643 1416 1723 »βλέπετε
1456 1635 1540 1728 μήθ

199 1761 251 1816 τις
279 1729 364 1824 ῦμῦς
394 1737 487 1806 ἔσται
518 1731 538 1810 ό
569 1745 779 1828 συλαγωγῶν
809 1737 865 1808 διὰ
896 1742 957 1826 τῆς
987 1743 1192 1824 φιλοσοφίας
1218 1743 1274 1808 καί
1295 1743 1396 1828 κενῆς
1417 1734 1502 1810 άπά-

199 1861 260 1922 της
293 1831 381 1906 κατὰ
411 1835 477 1924 τῆν
507 1833 695 1925 παράδοσιν
725 1844 799 1908 τῶν
829 1833 1040 1926 όνθροόπων,
1071 1835 1159 1907 κατὰ
1190 1835 1233 1906 τά
1262 1853 1409 1926 στοιχεῖα
1440 1843 1503 1910 τοῦ

197 1929 327 2024 κόσμου
358 1933 486 2007 τούτου
511 1943 567 2008 καί
593 1933 635 2008 ού
655 1937 743 2008 κατὰ
766 1933 951 2024 Χριστόν,ι
985 1931 1154 2022 δελεάζων
1176 1927 1276 2019 αὖθις
1298 1941 1344 2018 είς
1366 1947 1503 2022 φιλοσο-

199 2037 282 2118 φίαν
312 2027 526 2124 όναδραμεῖν,
557 2037 622 2126 τῆν
652 2035 849 2126 στοιχειώδη
881 2041 1104 2108 διδασκαλίαν.
1146 2031 1211 2106 κᾶν
1232 2043 1311 2124 λέχη
1338 2064 1390 2118 τις
1416 2033 1541 2108 κατόί

149 2151 181 2206 16
199 2129 332 2204 σύνεσιν
357 2127 561 2222 όνθρύπων
587 2143 797 2222 φιλοσοφίαν
822 2131 990 2226 ηῦρῆσθαι
1011 2133 1097 2226 πρὸς
1117 2129 1301 2225 Ἑλλήνων,
1333 2129 1420 2206 άλλά
1442 2133 1504 2218 τός

199 2229 329 2320 γραφάς
358 2229 501 2322 εύρίσκω
532 2233 597 2324 τῆν
627 2233 759 2306 σύνεσιν
789 2231 1012 2326 θεόπεμπτον
1040 2237 1126 2306 είναι
1157 2233 1324 2324 λεγούσας.
1372 2229 1392 2304 ό
1421 2239 1504 2324 γοῦν
1521 2243 1600 2314 σῌ

199 2329 383 2422 φαλμφδός
412 2341 574 2424 μεγίστην
602 2331 732 2424 ῆγεῖται
761 2335 893 2424 δωρεάν
922 2333 987 2426 τῆν
1017 2333 1149 2406 σύνεσιν
1178 2341 1234 2404 καὶ
1264 2339 1353 2404 αίτεῖ
1381 2341 1503 2422 λέγων·

203 2435 343 2516 »δοῦλος
363 2429 422 2514 σός
445 2441 510 2524 είμι
531 2436 610 2522 ἐγώ·
638 2432 816 2508 συνέτισόν
835 2463 901 2526 μετ
947 2441 1001 2506 καί
1023 2431 1069 2526 μή
1091 2461 1125 2504 τι
1147 2431 1188 2506 τό
1210 2431 1421 2522 πολύπειρον
1442 2439 1504 2521 τῆς
1522 2447 1540 2500 2

199 2529 357 2618 γνιόσεως
379 2531 580 2624 αἰτούμενος
601 2527 621 2606 ό
644 2541 747 2621 Δαβίδ
767 2531 904 2624 γράφει·
939 2529 1173 2624 »χρηστότητα
1194 2539 1249 2604 καί
1271 2537 1427 2604 παιδείαν
1448 2539 1503 2604 καί

148 2647 182 2702 20
199 2636 327 2716 γνῶσιν
349 2631 487 2720 δίδαξόν
507 2663 560 2724 με,
592 2627 647 2705 ότι
669 2653 743 2718 ταῖς
765 2637 920 2718 ἐντολαῖς
946 2657 1009 2706 σου
1029 2635 1232 2704 ἐπίστευσαν
1278 2639 1394 2720 κυρίας
1412 2639 1417 2720 Ι
1437 2627 1503 2720 <δ’>
1523 2647 1541 2701 8
1560 2647 1645 2702 m?

200 2729 285 2800 είναι
307 2729 369 2816 τός
390 2732 556 2824 διαθήκας
578 2729 797 2824 ὦμολόγηται
817 2741 873 2806 καλ
896 2751 969 2818 τοῖς
990 2739 1205 2824 τιμιωτέροις
1220 2739 1384 2806 δίδοσθαι.
1415 2739 1504 2820 λέγει
1522 2751 1540 2806 4

200 2835 282 2916 γοῦν
307 2825 326 2902 ό
352 2832 486 2924 φαλμός
515 2831 621 2906 πόλιν
652 2837 707 2906 ἐπὶ
733 2839 796 2905 τοῦ
821 2840 915 2906 θεοῦ·
955 2830 1035 2906 »οῦκ
1065 2835 1223 2922 ἐποίησεν
1252 2825 1364 2916 ούτως
1391 2828 1504 2904 ούδενί

199 2929 304 3009 ἔθνει,
337 2939 391 3004 καί
423 2934 466 3004 τά
495 2941 641 3024 κρίματα
671 2929 778 3006 αύτοῦ
806 2931 869 3004 οῦκ
899 2929 1069 3024 ἐδήλωσεν
1099 2929 1240 3016 αύτοῖςπ
1291 2929 1332 3002 τό
1359 2937 1394 3002 δέ
1423 2927 1504 3003 νούκ

199 3031 357 3122 ἐποίησεν
378 3027 508 3117 οῦτωςι
532 3039 753 3124 πεποιηκέναι
773 3040 835 3120 μὲν
857 3039 963 3122 δηλοῖ,
986 3029 1061 3104 ἀλλ’
1076 3029 1137 3121 ούχ
1159 3025 1279 3116 οότως.
1315 3035 1352 3103 ἐν
1373 3039 1503 3122 συγκρί·

149 3147 182 3200 ‘25
200 3153 249 3200 σει
270 3137 352 3220 γοῦν
374 3131 417 3204 τό
446 3125 593 3211 νοῦτωςι
621 3131 708 3220 πρός
735 3131 800 3222 τῆν
819 3128 990 3222 ῦπεροχῆν
1011 3129 1076 3221 τῆν
1096 3127 1180 3203 καθ’
1203 3127 1288 3221 ῆμᾶς
1310 3138 1504 3220 γινομένην·

199 3233 278 3318 ἐξῆν
303 3236 339 3302 δέ
366 3229 476 3322 δήπου
505 3239 557 3322 τῷ
588 3233 750 3324 προφήτρ
781 3235 887 3304 εἰπεῖν
913 3227 1033 3314 άπλιῦς
1055 3229 1097 3302 τό
1123 3227 1203 3303 »οῦκ
1225 3235 1399 3322 ἐποίησεν(
1425 3231 1505 3300 άνευ

201 3335 261 3418 τῆς
290 3330 489 3423 προσθήκης
520 3337 584 3406 τοῦ
612 3327 770 3414 νοῦτιοςι.
814 3337 867 3403 ναί
893 3331 961 3422 μῆν
986 3338 1041 3402 καί
1064 3326 1083 3402 ὁ
1105 3337 1235 3420 Πέτρος
1262 3335 1299 3402 ἐν
1321 3349 1394 3414 ταῖς
1416 3327 1541 3418 flod-5

200 3441 289 3516 ξεσιν
322 3427 395 3504 »ἐπ’
418 3429 580 3522 άληθείας
609 3430 924 3522 καταλαμβάνομαι(
958 3437 1070 3522 φησίν,
1104 3425 1178 3502 »ότι
1204 3428 1504 3520 προσωπολήπτης

201 3527 263 3604 ούνι
286 3535 378 3604 ἔστιν
399 3526 418 3604 ό
440 3530 530 3614 θεός,
554 3529 627 3607 ἀλλ’
649 3537 688 3604 ἐν
708 3539 812 3604 παντί
835 3536 927 3602 ἔθνει
949 3525 968 3600 ό
992 3529 1202 3622 φοβούμενος
1221 3526 1328 3602 αύτόν
1341 3537 1396 3600 καί
1411 3533 1505 3618 ἐργα-

150 3651 184 3704 3υ
202 3627 342 3722 ςόμενος
376 3633 593 3724 δικαιοσύνην
628 3629 746 3714 δεκτός
781 3627 875 3720 αύτῷ
911 3633 1029 3702 ἐστιν(
1084 3626 1126 3702 ού
1159 3625 1274 3718 χρόνῳ
1310 3637 1426 3700 τοίνυν
1463 3627 1504 3700 τὸ
1523 3641 1599 3700 σω

201 3727 528 3824 όπροσωπόληπτον
549 3739 613 3804 τοῦ
627 3739 720 3818 θεοῦ,
742 3726 817 3806 ἀλλ’
834 3733 868 3818 ἐξ
889 3735 1029 3810 αίῶνος,
1053 3724 1130 3800 ούδέ
1151 3729 1218 3819 μῆν
1240 3725 1366 3818 ῆρξατό
1382 3725 1505 3818 ποτεή

202 3827 368 3920 εύεργεσία
390 3829 509 3915 αύτσῦ,
541 3829 618 3906 ἀλλ’
641 3829 719 3905 ούδέ
744 3837 969 3922 περιορίζεται
996 3825 1117 3912 τόποις
1140 3823 1161 3918 ῆ
1183 3823 1385 3918 άνθρεόποις
1408 3836 1504 3910 τισίν,

201 3927 278 4002 οῦδὲ
300 3931 362 4020 γάρ
383 3933 500 4023 μερικῆ
523 3929 543 4023 ῆ
566 3930 699 4006 εύποιία
720 3929 833 4004 αύτοῦ.
867 3925 1045 4016 »άνοίξατέ
1063 3957 1121 4017 μοι
1143 3925 1252 4010 πύλας
1273 3925 1542 4015 δικαιοσύνηςιθ

202 4039 316 4120 φησίν·
342 4037 397 4104 νίν
419 4029 536 4116 αύταῖς
558 4033 725 4104 είσελθών
747 4027 1032 4119 ἐξομολογήσομαι
1055 4035 1105 4117 τῷ
1127 4035 1242 4116 κυρίῳ.
1279 4022 1364 4114 αῦτη
1381 4023 1400 4116 ή
1416 4025 1506 4115 πύλη

287 4275 387 4346 ιρι.
407 4275 548 4346 εοεαε,
619 4278 689 4332 τ-ιι
709 4275 789 4332 τοι.
808 4277 832 4342 5,
853 4279 884 4330 ια
958 4271 1150 4330 ιο-ιτκοι.
1169 4271 1227 4338 τε
1301 4271 1338 4327 ιε
1357 4269 1428 4324 ναι.
1449 4269 1505 4332 ιτα

203 4363 252 4416 1:²5
333 4361 611 4430 ιιινιοπιεκσ
692 4359 959 4424 mmm
1034 4355 1361 4418 εε-ιοεεειο,3ιι
1428 4355 1505 4408 ει-

202 4447 227 4502 υ.
242 4447 339 4514 mm
361 4447 432 4502 ναι.
453 4447 508 4516 ιιι,
527 4445 582 4502 ιοι
597 4447 656 4516 (ιιι.
674 4447 686 4502 1
705 4445 787 4500 cum.
805 4445 840 4500 ιο
859 4445 919 4500 cor.
938 4445 979 4508 ια
997 4443 1024 4507 υ)

295 4663 579 4736 θπροπαίδειανίι
662 4659 734 4732 λΙῆ]
757 4663 788 4716 st
867 4659 904 4714 1⁵
931 4655 1111 4726 εύρῆσθιιιῐι
1185 4655 1225 4708 2⁰
1242 4651 1340 4722 κυρίου
1359 4651 1438 4705 Schw

203 4743 257 4816 (δ’)
276 4747 324 4804 Mn
403 4749 443 4804 2⁸
461 4745 557 4813 αέτοῖς
573 4765 640 4802 corr.
659 4763 708 4800 τοι
725 4743 827 4810 αὐτούς
845 4745 879 4798 ἐν
