3704 5530
581 505 720 560 summu
738 505 782 560 VI.
805 507 869 578 Gap.
884 505 941 562 XV.
961 507 1176 574 127,1-131,1.
1472 515 1531 578 497

227 663 367 756 γνόντες
398 665 640 760 ἐπιστεύσαμεν
670 675 722 760 τῷ
752 675 826 760 θεῷ
857 669 912 742 διό
943 677 1016 742 τῶν
1047 675 1287 762 γεγραμμένων
1318 675 1365 754 είς
1395 667 1528 743 αύτδνπ

226 773 281 840 καί
303 763 378 856 μετ’
401 762 498 858 όλίγα
520 771 671 856 ἐπιφέρει
691 766 797 842 πόλιν
819 776 896 860 θείρ
917 777 1064 890 προνοίᾳ
1086 769 1148 854 τὰς
1168 777 1379 860 προφητείας
1401 775 1582 860 γεγενῆσ

227 877 308 938 σθαι
342 867 508 956 παριστὰς
544 859 622 940 τοδε·
667 871 839 960 »ἔγνωμεν
869 867 931 960 γὰρ
962 863 1017 942 ότι
1047 865 1067 942 δ
1097 869 1179 954 θεός
1209 866 1296 942 αύτὰ
1325 875 1533 960 προσέταξεν

227 959 349 1050 ὄντας,
372 975 427 1038 καί
450 963 592 1040 οὐδέν’
571 997 651 1058 ατερ
673 974 805 1059 γραφῆς
826 973 992 1059 λέγομεν.ι

192 1081 208 1136 b
303 1061 447 1154 Ἔγειδ
476 1059 539 1140 ούν
568 1075 624 1138 καί
655 1067 761 1152 ἄλλος
791 1067 887 1152 τινὰς
916 1065 1137 1160 ίδιότητσς“
1117 1098 1138 1158 η
1158 1063 1320 1158 Ἐβραίων
1346 1067 1532 1154 διάλεκτος,
1553 1085 1649 1152 lam

227 1161 384 1254 καθάπερ
405 1168 494 1238 καί“
483 1164 607 1256 εκόστη
630 1175 703 1239 τῶν
729 1174 874 1252 λοιπῶν,
906 1163 1012 1258 λόγον
1035 1168 1112 1242 τινὰ
1133 1171 1371 1260 ἐμπεριέχουσα
1392 1165 1534 1242 ἐθνικόν

227 1269 437 1350 ἐμφαίνοντα
461 1273 664 1358 χαρακτῆρα.
706 1264 887 1340 διάλεκτον
911 1273 995 1356 γοῦν
1021 1261 1192 1355 ὁρίζονται
1214 1275 1305 1356 λέξιν
1326 1273 1455 1358 έθνικῷ
1476 1297 1532 1358 χα-

228 1369 368 1453 ρακτῆρι
389 1371 665 1455 συντελουμένην.
700 1361 774 1440 ἀλλ’
797 1359 874 1440 ούτι
895 1395 932 1456 γε
953 1371 1095 1450 ἐκείναις
1117 1385 1191 1451 ταις
1209 1373 1398 1450 διαλέκτοις
1414 1363 1434 1458 ἦ
1449 1385 1568 1456 noo-2

227 1471 350 1553 φητεία
372 1463 541 1554 γνώριμος
566 1474 785 1540 καθίσταται·
820 1486 895 1550 ταις
920 1473 982 1556 μίν
1004 1465 1068 1556 γὰρ
1088 1461 1296 1557 Ἑλληνικαῖς
1316 1463 1396 1540 κατ’
1418 1464 1532 1558 ἐπιτῆ-

177 1581 210 1636 10
228 1569 339 1634 δευσιν
353 1567 387 1636 αί
402 1561 606 1654 καλούμεναι
623 1573 696 1638 τῶν
712 1563 854 1656 τρόπων
868 1570 1046 1656 έξαλλαγαί
1063 1565 1124 1650 τὰς
1143 1565 1338 1656 ἐπικρύψας
1350 1572 1532 1640 ποιοῦνται

227 1657 306 1734 κατ’
329 1661 444 1736 εἰκόνα
460 1669 533 1736 τῶν
547 1661 630 1752 παρ’
651 1660 730 1754 ῆμίν
744 1673 978 1756 προφητειῶν,
1000 1660 1243 1756 γδναγόμεναι,
1265 1663 1358 1756 πλῆν
1380 1667 1534 1738 ἑκουσίου

227 1767 288 1850 τῆς
310 1768 534 1854 παρατροπῆς
555 1763 648 1852 παρὰ
671 1763 712 1836 τό
734 1759 845 1852 δρθόν
864 1770 1017 1856 ἐμμέτρῳ
1039 1761 1061 1855 ῆ
1083 1772 1202 1856 σχεδίῳ
1219 1762 1340 1854 φρόσει
1355 1769 1532 1855 γινομένης

227 1867 405 1934 δείκνυται
459 1865 530 1934 ἐστι
569 1869 653 1953 γοῦν
687 1859 707 1936 ό
744 1860 872 1953 τρόπος
907 1871 993 1952 λέξις
1027 1869 1328 1955 παραγεγραμμένη
1365 1861 1433 1936 όπὸ
1469 1871 1569 1940 τοῦθ

226 1967 344 2050 κυρίου
369 1965 423 2032 ἐπὶ
451 1959 492 2034 τό
517 1961 563 2052 μῆ
589 1961 709 2052 κύριον
733 1969 941 2054 κατασκευῆς
967 1965 1063 2036 ἕνεκα
1084 1971 1138 2036 καί
1162 1959 1318 2052 φρόσεοτς
1340 1969 1401 2054 τῆς
1422 1967 1459 2036 έν
1480 1971 1532 2056 τῷ

176 2080 208 2132 15
226 2057 318 2152 λόγῳ
351 2057 545 2150 εύχρηστίσς
574 2059 679 2150 χάριν.
722 2059 743 2154 ῆ
768 2072 962 2154 προφητεία
992 2069 1028 2135 δὲ
1058 2059 1134 2136 ούδ’
1156 2056 1246 2148 ὅλως
1272 2063 1353 2146 τούς
1373 2071 1450 2153 περὶ
1472 2061 1570 2148 τόςί

227 2167 332 2246 λέξεις
363 2161 608 2250 σχηματισμούς
639 2161 828 2253 ἐπιτηδεύει
854 2163 909 2236 διὰ
931 2162 972 2235 τό
994 2160 1120 2246 κάλλος
1143 2167 1204 2252 τῆς
1224 2159 1394 2250 φράσειας,
1424 2169 1476 2254 τῷ
1498 2169 1533 2235 δέ

226 2259 271 2348 μῆ
301 2257 448 2332 πόντων
478 2261 562 2332 είναι
594 2261 659 2351 τῆν
688 2257 855 2352 δλῆθειαν
875 2261 1119 2349 ἐπικρύπτεται
1140 2257 1386 2348 πολυτρόπως,
1416 2259 1534 2348 μόνοις

226 2376 299 2441 τοις
325 2364 371 2442 είς
396 2367 526 2449 γνῶσιν
546 2367 776 2451 μεμνημένοις,
803 2379 876 2444 τοις
898 2357 944 2433 δι’
960 2357 1095 2450 δγόπην
1118 2366 1254 2450 ζητοῦσι
1277 2361 1342 2452 τῆν
1357 2355 1532 2452 δλῆθειαν,

227 2457 268 2530 τὸ
291 2465 367 2544 φῶς
388 2455 628 2532 ἀνατέλλουσα.
665 2467 797 2550 λέγεται
820 2457 852 2532 δ’
877 2453 938 2532 οόν
960 2461 1048 2544 είδος
1070 2465 1131 2550 τῆς
1152 2466 1364 2550 προφητείας
1386 2457 1407 2552 ἦ
1432 2489 1532 2552 τπαρ·
1552 2475 1646 2546 1101

175 2571 209 2626 20
226 2565 334 2644 οιμίαι
363 2557 452 2630 κατὰ
479 2559 543 2650 τῆν
569 2555 740 2648 βόρβορον
769 2567 977 2648 φιλοσοφίαν
1007 2565 1140 2648 λέγεταί
1167 2587 1204 2632 τε
1231 2565 1287 2630 καί
1317 2559 1528 2650 »παραβολὴν

226 2653 267 2730 τό
290 2685 326 2729 τε
352 2662 523 2749 ταίνιγματ
549 2661 604 2730 ἐπί
626 2658 772 2744 τούτοις.
808 2653 894 2731 όλλὰ
916 2657 982 2750 μὴν
1003 2666 1059 2728 καί
1085 2667 1223 2746 »σοφίαι
1250 2663 1390 2748 λέγεται,
1411 2655 1532 2744 καλούς

225 2754 342 2844 ἕτερον
368 2752 472 2848 αύτῆς
496 2754 516 2848 ῆ
542 2764 710 2832 ιπαιδείαι
743 2757 876 2848 »λόγοιν
903 2789 939 2832 τε
962 2751 1004 2830 αὖ
1029 2757 1262 2848 ιφρονῆσεοιςι
1287 2764 1343 2828 καί
1368 2767 1530 2846 εστροφαί

226 2850 357 2944 λόγωντ
382 2863 438 2928 καί
464 2855 675 2948 »δικαιοσύνη
702 2855 853 2948 δληθῆςε
879 2865 1074 2932 διδασκαλία
1095 2885 1133 2930 τε
1156 2849 1197 2928 αύ
1219 2862 1282 2930 τοῦ
1306 2864 1530 2930 »κατευθῦναι

224 2974 342 3044 κριμαι
374 2963 478 3027 καί
466 2965 671 3048 πανουργία
705 2953 862 3042 όκόκοιςτ
896 2957 983 3030 κατὰ
1014 2955 1079 3046 τῆν
1108 2962 1264 3030 παιδείαν
1293 2963 1530 3080 περιγινομένη

173 3068 240 3124 2⁵»
228 3057 398 3146 »αἴσθησίς
429 3086 466 3128 τε
496 3065 552 3130 καί
582 3059 715 3130 ἔννοιαι
749 3065 802 3149 τῷ
833 3055 1074 3148 νεοκατηχῆτφ
1104 3061 1270 3146 γινομένη.
1324 3051 1361 3130 τό
1392 3055 1566 3136 τούτοινε

225 3149 398 3238 δκούσαςι,
422 3165 512 3246 φησί
538 3165 631 3230 »τῶν
652 3163 847 3248 προφητῶν
868 3155 976 3244 σοφὸς
994 3155 1192 3244 σοφιότερος
1207 3159 1311 3242 ἐ,σται
1332 3161 1530 3246 κυβέρνησιν

224 3247 304 3325 δὲι
286 3283 305 3324 ο
332 3251 473 3346 νοῆμοιν
501 3255 661 3378 κτήσεται
691 3265 745 3330 καί
779 3255 892 3348 νοήσει
917 3253 1115 3345 παραβολὴν
1140 3263 1196 3326 καί
1223 3253 1401 3328 σκοτεινόν
1427 3251 1530 3346 λόγον

223 3347 333 3442 δήσεις
359 3381 397 3424 τε
423 3381 542 3444 σοφοιν
568 3365 625 3430 καί
651 3363 854 3448 αίνίγμαται
901 3363 929 3427 εί
950 3349 1034 3426 δὲ
1013 3353 1082 3426 απὸ
1097 3347 1262 3442 Ἕλληνος
1284 3361 1346 3426 τού
1368 3359 1446 3440 Διὸς
1468 3363 1567 3431 τοῦθ

222 3481 287 3524 κατ
291 3447 326 3538 Ἰ
345 3457 521 3544 ἐπίκλησιν
543 3464 776 3540 Δευκαλίωνος
807 3487 867 3540 τας
887 3451 1081 3546 Ἑλληνικός
1111 3459 1231 3544 συνέβη
1256 3460 1441 3545 κεκλῆσθαι
1463 3461 1531 3526 δια·
1547 3475 1632 3533 8061)

172 3565 207 3618 ³0
224 3557 372 3637 λέκτους,
395 3559 433 3626 ἐκ
456 3563 529 3627 τῶν
549 3553 694 3646 χρόνων,
717 3547 769 3626 οόν
790 3553 985 3644 φθάσαντες
1007 3549 1272 3642 παρεστῆσαμεν,
1300 3551 1420 3644 ῥᾴδιον
1440 3577 1529 3626 συνι-

223 3645 335 3724 δείνο
315 3675 408 3738 σσαις
431 3674 559 3744 γενεαις
583 3661 642 3746 τῆς
661 3651 825 3746 Ἑβραίων
848 3659 966 3744 φωνῆς
988 3655 1023 3724 αί
1044 3647 1128 3740 παρ’
1144 3645 1281 3743 Ἕλλησι
1295 3659 1528 3742 μεταγενέστε-

224 3778 279 3840 ραι
301 3747 515 3824 διόλεκτοι“
494 3751 689 3844 υπόρχουσι.

305 3852 492 3944 Προϊούσης
513 3861 549 3926 δὲ
571 3860 633 3944 τῆς
654 3861 785 3946 γραφῆς
807 3853 888 3938 τούς
909 3845 1205 3942 προειρημένους“
1185 3849 1252 3921 υπὸ
1267 3857 1331 3922 τοῦ
1344 3849 1527 3944 προφήτου
1545 3871 1639 3942 1111

225 3947 374 4040 τρόπους
394 3949 478 4024 καθ’
501 3951 648 4045 ἑκάστην
669 3951 860 4044 περικοπὴν
882 3947 1143 4042 σημειωσόμενοι
1165 3947 1431 4042 παρεστῆσαμεν,
1462 3951 1528 4042 τῆν

309 4155 353 4212 ίί
367 4155 422 4228 vgl.
440 4155 539 4212 θίεοιο.
553 4159 563 4212 ί
579 4158 819 4226 142311111111111.
890 4155 1003 4214 18-15
1021 4153 1077 4224 νηί.
1089 4151 1219 4224 Tryphon
1236 4155 1302 4226 περί
1320 4152 1435 4226 τρόπον
1453 4152 1528 4234 (an

223 4241 518 4312 p.728,12ffw212)
544 4243 652 4314 τρόπος
678 4238 737 4299 ἐστί
762 4241 850 4312 λόγος
875 4237 949 4297 κατὰ
971 4239 1160 4310 παρατροπην
1182 4245 1233 4294 τοῦ
1254 4237 1353 4310 κυρίου
1375 4235 1532 4308 λεγδμενος

223 4322 296 4382 md
322 4345 385 4382 τινα
412 4327 532 4396 δήλωσιν
552 4325 754 4398 κοσμιωτέραν
781 4325 797 4396 ῆ
823 4323 897 4382 κατὰ
924 4323 956 4380 τδ
979 4319 1146 4394 ἀναγκαῖον.
1240 4323 1353 4380 10-28
1377 4323 1432 4392 τςί.
1450 4322 1530 4379 Ρτοτ.

224 4411 320 4478 1,1-0
389 4410 451 4467 282
466 4407 521 4482 τρί.
533 4411 768 4482 Δροί1οδοτΒίίεί.
782 4413 793 4468 ί
806 4415 830 4478 7,
842 4413 866 4477 2,
879 4413 896 4468 δ
964 4405 1005 4466 Ι)
1016 4407 1073 4479 τρὶ.
1084 4407 1183 4464 Strom.
1196 4407 1207 4460 1
1221 4407 1278 4474 102,
1291 4407 1319 4472 ὃς
1336 4407 1392 4472 103,
1404 4407 1433 4472 2;
1447 4407 1530 4468 lam

308 4587 326 4642 4
345 4579 445 4656 δντοις]
463 4579 553 4652 οδτιος
571 4587 607 4656 Sy
690 4587 725 4642 11
747 4585 807 4654 (ιδ)
826 4583 956 4643 ίκοίσιον
975 4585 1006 4638 st
1085 4583 1123 4638 1⁸
1141 4581 1301 4651 [δείκνυται]
1319 4581 1409 4652 Ηογεο
1426 4581 1529 4638 δείκνυ-

222 4687 268 4726 ται
278 4669 343 4800 Οίιέὲ
344 4671 599 4802 ανιῖιατιιῐτσειειαστδν)
619 4671 666 4726 Ma
747 4673 784 4728 15
802 4671 957 4742 εθχρῆστου
975 4669 1072 4726 lauth
1155 4669 1195 4722 20
1212 4683 1242 4724 τε
1261 4665 1386 4806 11321211
