3726 5528
587 567 726 622 stromata
744 567 790 622 lV.
812 567 987 639 cnp.xx111.
1008 569 1064 628 149.
1078 568 1185 636 1-152,
1198 569 1221 624 3.
1497 575 1556 636 315

328 723 360 798 ‘0
385 735 446 820 μέν
473 722 537 802 σύν
566 727 754 818 ἄνθρωπος
784 727 905 812 ἀπλῶς
927 725 1039 814 ούτως
1064 725 1144 802 κατ’
1166 735 1259 802 ίδέαν
1285 727 1471 803 πλάσσεται
1494 735 1593 802 τοῦθ

248 835 421 918 συμφυοῦς
452 827 656 918 πνεύματος·
692 827 770 902 ούδέ
801 829 865 920 γάρ
895 827 1045 915 ἀνείδεος
1075 825 1149 900 055'
1172 826 1419 918 ἀσχημάτιστος
1440 835 1477 902 ἐν
1504 837 1555 917 τῶ

249 934 309 1018 τῆς
341 925 474 1016 φύσεως
504 933 712 1019 ἐργαστηρίῳ
748 936 1014 1020 δημιουργεῖται,
1051 931 1136 1002 ἔνθα
1166 937 1335 1020 μυστικῶς
1366 923 1557 1018 ἀνθρῶπου

249 1031 432 1100 ἐκτελεῖται
454 1033 588 1117 γένεσις,
611 1035 727 1120 κοινῆς
750 1021 851 1118 ούσης
873 1036 927 1100 καὶ
951 1035 1011 1118 τῆς
1034 1035 1153 1118 τέχνης
1175 1037 1230 1100 καὶ
1253 1035 1314 1118 τῆς
1334 1025 1457 1114 οόσίας,
1485 1025 1558 1100 άδέ

214 1151 230 1202 ι’)
249 1155 300 1210 τις
323 1125 511 1216 ἄνθρωπος
532 1127 620 1200 κατὰ
643 1127 797 1200 τύπωσιν
820 1129 884 1218 τὴν
905 1133 1125 1218 ἐγγινομένην
1151 1135 1193 1216 τῇ
1216 1137 1304 1218 φυγῇ
1328 1121 1379 1201 ῶν
1401 1125 1443 1200 ἂν
1464 1125 1556 1218 αίρή-

249 1251 347 1315 σηται
376 1235 663 1318 χαρακτηρίζεται.
708 1221 726 1318 ἡ
754 1233 810 1299 καί
841 1226 905 1300 τὸν
931 1225 1030 1317 Ἀδάμ
1062 1235 1194 1300 τέλειον
1223 1235 1285 1316 μὲν
1310 1227 1358 1312 ῶς
1384 1227 1470 1316 πρός
1493 1227 1593 1320 τὴνθ

250 1323 373 1398 πλάσιν
399 1333 573 1416 γεγονέναι
600 1333 722 1418 φαμέν·
759 1323 857 1400 ούδέν
884 1327 946 1415 γάρ
973 1334 1047 1398 τῶν
1068 1324 1391 1418 χαρακτηριζόντων
1414 1329 1477 1418 τὴν
1498 1324 1555 1400 άν-

250 1426 396 1512 θρῶπου
418 1431 511 1498 ίδέαν
533 1455 570 1499 τε
591 1435 647 1500 καί
668 1427 806 1518 μορφὴν
832 1431 1004 1516 ἐνεδέησεν
1026 1421 1128 1516 αύτῷ.
1172 1421 1191 1498 5
1213 1433 1249 1499 δέ
1270 1432 1307 1500 ἐν
1330 1435 1380 1518 τῷ
1403 1435 1555 1516 γίνεσθαι
1574 1439 1593 1494 ί

250 1523 313 1614 τὴν
349 1534 522 1596 τελείωσιν
557 1524 744 1616 ἐλάμβανεν
779 1534 836 1598 καί
869 1522 914 1597 δι’
947 1521 1099 1616 ύπακοής
1134 1531 1340 1604 ἐδικαιοῦτο,
1377 1533 1481 1598 τοῦτο
1514 1519 1556 1616 ἦν

198 1645 230 1696 10
249 1619 530 1714 άπανδρούμενον
561 1623 601 1696 τὸ
629 1623 684 1698 ἐπ’
708 1623 802 1716 αύτῷ
833 1633 1003 1715 κείμενον·
1039 1631 1130 1718 αίτίᾳ
1156 1633 1192 1698 δέ
1217 1627 1392 1716 ἑλομένου,
1422 1633 1477 1698 καί
1506 1631 1555 1698 ἐτι

247 1729 380 1812 μᾶλλον
402 1723 443 1794 τὸ
464 1733 624 1797 κωλυθέν
646 1727 817 1816 ἑλομένου,
840 1721 859 1796 5
881 1723 963 1806 θεὸς
984 1721 1149 1808 ἀναίτιος·
1172 1725 1270 1815 διττὴ
1292 1723 1354 1812 γάρ
1377 1721 1396 1815 ἡ
1420 1731 1554 1814 γένεσις,

250 1821 270 1910 ἢ
294 1829 357 1911 μὲν
387 1831 461 1894 τῶν
491 1831 730 1910 γεννωμένων,
763 1825 783 1915 ἣ
809 1831 845 1896 δὲ
872 1833 946 1896 τῶν
972 1831 1170 1914 γινομένων.
1212 1833 1267 1896 καί
1290 1821 1309 1914 ἡ
1332 1831 1393 1914 μὲν
1415 1833 1478 1898 τοῦ
1500 1821 1670 1900 ‹zv-1551

250 1922 396 2008 θρῶπου
420 1921 556 2012 ἀνδρεία
579 1929 754 2014 ἐμπαθοῦς
774 1919 888 2048 ὄντος,
911 1931 1002 2011 φασί,
1024 1921 1111 1996 κατά
1135 1923 1200 2014 τὴν
1220 1921 1337 1998 ούσίαν
1351 1924 1486 2010 ἄφοβον
1499 1933 1554 1997 καί

251 2017 426 2112 ἀήττητον
449 2023 512 2096 τόν
533 2029 719 2113 μετέχοντα
742 2021 847 2114 αὐτῆς
868 2041 967 2104 ποιεῖ,
989 2030 1044 2096 καί
1067 2025 1137 2095 ἐστι
1159 2022 1350 2112 δορυφόρος
1372 2031 1435 2096 τοῦ
1457 2032 1518 2096 νοῦ
1536 2021 1555 2096 5

200 2140 232 2192 15
251 2119 358 2209 θυμὸς
381 2119 459 2192 ἐνι
439 2129 595 2212 υπομσνῇ
618 2131 673 2194 καί
695 2133 856 2215 καρτερίᾳ
876 2131 931 2194 καί
954 2141 1027 2206 τοῖς
1049 2117 1188 2212 δμοίοις,
1210 2129 1264 2194 ἐπί
1286 2130 1322 2194 δὲ
1339 2153 1379 2213 τη
1363 2125 1555 2218 ’ἐπιθυμίᾳ

251 2215 412 2292 τάττεται
433 2217 531 2292 κάλ’
511 2251 532 2312 η
555 2221 759 2312 σωφροσύνη
788 2217 884 2294 καί“
865 2251 886 2312 η
908 2219 1074 2311 σωτήριος
1101 2219 1277 2312 φρόνησις,
1309 2221 1390 2306 θεὸς
1412 2221 1492 2294 δὲ’
1471 2253 1556 2296 απα-

250 2319 315 2408 θὴς
337 2317 468 2410 άθυμός
489 2349 524 2392 τε
549 2329 604 2392 καί
625 2318 891 2412 ἀνεπιθύμητος·
914 2329 969 2392 καί
991 2319 1032 2392 ού
1053 2319 1160 2408 ταύτῃ
1183 2315 1352 2408 άφοβσς
1334 2353 1354 2410 η
1375 2323 1442 2408 1τά
1464 2323 1555 2396 δεινά
1574 2333 1592 2388 2
1610 2331 1696 2389 533?

249 2416 343 2507 (ούκ)
366 2425 510 2492 ἐκκλίνει
532 2417 608 2492 ούδέ
631 2449 697 2511 μην
719 2421 869 2508 σώφρων
892 2413 911 2508 ᾖ
936 2427 1010 2491 τῶν
1032 2421 1272 2508 ἐπιθυμιῶν
1252 2449 1356 2510 αρχει·
1391 2415 1468 2494 ούτε
1492 2423 1556 2512 γάρ

250 2515 293 2592 ἀν
322 2525 496 2606 περιπέσοι
527 2527 594 2591 τινί
622 2527 724 2612 δεινῷ
747 2517 768 2610 ἡ
792 2526 854 2592 τοῦ
880 2525 965 2592 θεοῦ
992 2519 1090 2606 φύσις
1112 2513 1191 2592 ούτε
1213 2519 1326 2610 φεύγει
1348 2515 1367 2592 5
1390 2521 1471 2605 θεὸς
1493 2529 1555 2596 δει·

197 2637 231 2690 20
250 2625 335 2697 λίαν,
359 2615 473 2708 ὥσπερ
495 2617 572 2691 ούδέ
594 2618 802 2712 ἐπιθυμήσει,
825 2623 879 2690 ίνα
901 2627 955 2688 καὶ
978 2618 1062 2706 ἀρξη
1084 2623 1272 2708 ἐπιθυμίας.
1301 2627 1471 2711 μυστικῶς
1493 2615 1592 2694 ούνσ

247 2714 304 2804 ἐφ’
329 2713 426 2808 ἡμῶν
458 2727 514 2790 καί
545 2718 586 2790 τὸ
610 2715 846 2808 Πυθαγόρειον
875 2723 1008 2804 ἐλέγετο
1044 2721 1121 2792 »ἵνα
1152 2725 1307 2808 γενέσθαι
1334 2726 1388 2790 καί
1412 2718 1475 2792 τὸν
1497 2720 1554 2792 άν-

248 2825 396 2904 θρωπον
417 2825 517 2902 δεῖνι,
540 2822 612 2890 ἐπεὶ
634 2827 689 2890 καί
713 2815 816 2902 αύτὸς
838 2812 857 2888 5
880 2813 1049 2906 ἀρχιερεύς
1071 2817 1131 2900 είς,
1164 2817 1240 2900 ἑνὸς
1262 2811 1364 2900 ὄντος
1386 2825 1449 2892 τοῦ
1471 2827 1555 2890 θεοῦ

247 2915 334 2988 κατὰ
366 2915 431 3006 τὴν
461 2913 721 3007 ἀμετάτρεπτον
752 2925 815 2988 τοῦ
845 2913 894 2990 ἀεί
925 2929 1002 2989 θεῖν
1035 2915 1078 2988 τά
1109 2913 1222 3006 ἀγαθά
1253 2919 1331 3004 ἐξιν.
1384 2915 1505 2990 αύτίκα
1535 2915 1670 3002 όίίῌ

247 3015 364 3104 σωτὴρ
391 3015 444 3087 διά
473 3023 533 3106 τῆς
549 3021 740 3139 ἐπιθυμίας
767 3017 945 3106 συνανῄρει
967 3023 1022 3088 καί
1046 3015 1109 3088 τὸν
1132 3014 1253 3106 θυμόν,
1285 3027 1447 3108 τιμωρίας
1468 3013 1555 3091 ὄντα

196 3139 230 3194 25
247 3121 442 3205 ἐπιθυμίαν·
468 3113 624 3190 καθόλου
645 3118 708 3206 γάρ
728 3115 768 3188 τὸ
788 3115 987 3206 παθητικόν
1008 3155 1023 3188 ι
1042 3153 1056 3188 ι
1075 3124 1178 3189 παντί
1195 3124 1281 3206 γένει
1297 3122 1485 3208 ἐπιθυμίας,
1508 3123 1555 3202 είς

247 3221 282 3286 δέ
310 3243 373 3304 την
399 3211 572 3288 ἀπάθειαν
597 3217 782 3308 θεοόμενος
809 3217 996 3338 ἄνθρωπος
1018 3213 1195 3307 ἀχράντως
1213 3218 1397 3338 μοναδικός
1419 3225 1554 3306 γίνεται

247 3311 404 3400 καθάπερ
436 3307 498 3386 ούν
529 3321 562 3388 οί
587 3322 625 3389 ἐν
655 3313 813 3406 θαλάττῃ
844 3313 912 3388 ἀπὸ
944 3312 1089 3404 ἀγκύρας
1116 3315 1317 3402 τονούμενοι
1341 3320 1472 3390 ἐλκουσι
1493 3323 1591 3404 μένθ

249 3415 313 3504 τὴν
335 3411 491 3502 άγκυραν,
524 3413 585 3488 ούκ
607 3421 740 3506 ἐκείνην
762 3423 796 3488 δε
819 3421 1042 3491 ἐπισπῶνται,
1074 3411 1187 3486 άλλἰ
1176 3415 1316 3500 εαυτούς
1337 3415 1449 3487 ἐπί
1414 3445 1477 3506 την
1498 3415 1554 3504 άγ-

247 3547 362 3606 κυραν,
396 3507 507 3600 ούτως
537 3521 569 3588 οί
599 3515 687 3589 κατά
718 3515 782 3587 τὸν
813 3513 1003 3604 γνωστικὸν
1032 3519 1149 3600 βίονέ
1150 3515 1363 3605 πισπῶμενοι
1385 3513 1447 3588 τὸν
1469 3515 1554 3588 θεὸν

196 3639 230 3692 30
249 3619 388 3700 ἑαυτούς
420 3620 549 3688 ἔλαθον
580 3613 828 3706 προσαγόμενοι
859 3615 946 3702 πρὸς
977 3613 1041 3686 τὸν
1071 3611 1169 3686 θεόν·
1205 3613 1291 3686 θεὸν
1321 3615 1384 3706 γὰρ
1411 3611 1430 3687 ό
1457 3627 1555 3704 θερα-

247 3715 365 3834 πεύων
396 3715 521 3788 ἐαυτὸν
551 3716 739 3804 θεραπεύει.
782 3719 820 3788 ἐν
849 3705 911 3786 ούν
941 3721 991 3804 τῷ
1023 3722 1227 3806 θεωρητικῷ
1257 3723 1319 3806 βίῳ
1351 3717 1474 3786 ἑαυτοῦ
1504 3733 1593 3796 τιςσ

335 3903 400 3960 1οί
423 3901 479 3974 vgl.
502 3902 581 3958 Pluto
603 3904 668 3973 Rep.
687 3903 710 3957 X
734 3899 1197 3974 p.6173;8trom.14,1u.5.
1284 3899 1556 3970 2lthth.Symb.

249 3991 279 4043 τι
307 3987 429 4044 nuum
452 3987 522 4042 ενα
545 3989 555 4040 1
583 4006 608 4058 p.
626 3989 677 4044 εοε
758 3987 798 4042 ιτ
824 3985 879 4056 ιςι
901 3985 983 4040 Plato
1001 3985 1108 4056 τηεμ.
1131 4002 1157 4056 ρ.
1176 3989 1224 4042 ωε
1243 3985 1280 4052 ο;
1308 3985 1395 4040 νου.
1414 3987 1492 4050 τοι

248 4071 365 4130 27-20
385 4073 439 4142 vgl.
453 4071 598 4140 Dionysius
615 4077 750 4142 Δτεορες.
769 4069 809 4124 De
828 4068 911 4124 divin.
930 4069 1031 4124 nomin.
1045 4071 1082 4124 111
1102 4073 1115 4124 1
1136 4069 1240 4142 (Migne
1253 4071 1278 4124 S.
1291 4069 1335 4122 Gr.
1348 4069 1407 4124 '123
1426 4067 1555 4134 001.680)

247 4151 346 4226 ὥσπερ
370 4153 411 4222 είς
434 4163 504 4212 ναῦν
527 4154 715 4228 ἐμβεβηκότες
736 4155 785 4210 καί
807 4151 991 4224 ἀντεχόμενοι
1013 4161 1072 4210 τῶν
1093 4147 1125 4208 ἐκ
1148 4171 1225 4218 τινος
1241 4151 1347 4224 πέτρας
1365 4149 1405 4216 είς
1423 4153 1495 4220 ημᾶς
1513 4147 1555 4206 έκ-

248 4239 419 4308 τεινομένων
438 4239 601 4308 πεισμάτων
619 4242 667 4296 καί
685 4233 748 4296 οίον
767 4239 833 4308 ἡμῖν
851 4235 891 4302 είς
909 4235 1058 4308 ἀντίληψιν
1076 4235 1270 4304 ἐκδεδομένων,
1289 4233 1341 4292 οὐκ
1358 4229 1402 4304 ἐφ’
1416 4237 1489 4304 ημᾶς
1506 4237 1556 4304 τὴν

248 4326 363 4398 πέτραν,
383 4319 443 4384 ἀλλ’
461 4329 535 4395 ημᾶς
553 4323 654 4390 αὐτούς
672 4331 711 4394 τῷ
730 4320 835 4392 ἀληθεῖ
848 4323 897 4378 καί
914 4324 965 4390 τὴν
982 4329 1052 4376 ναῐν
1070 4317 1115 4376 ἐπί
1134 4325 1185 4390 τὴν
1202 4319 1309 4392 πέτραν
1326 4321 1517 4392 προσηγομεν.

338 4467 675 4544 ίοίτωςΜοούτοςΙι
753 4462 1015 4530 ὖιδι’“·ὧν8αίτττ
1084 4469 1182 4542 σὴίι
1269 4467 1556 4540 urm-mam

250 4563 270 4616 1,
346 4563 383 4618 18
408 4557 474 4616 ὀίεκ
507 4559 545 4614 Ρο
627 4560 664 4615 21
685 4557 903 4628 πεθαγδριονλ,
978 4557 1016 4612 25
1036 4557 1121 4610 παντί
1142 4555 1228 4628 γένει]
1246 4556 1385 4620 παντοίας
1406 4553 1485 4624 γέμει
1504 4555 1555 4623 Βγ·

249 4651 346 4713 ποίει,
374 4647 466 4702 Journ.
495 4645 526 4698 οί
546 4643 645 4699 Philol.
668 4647 683 4696 ί
708 4643 797 4708 (18ῖ2)
820 4643 845 4694 S.
863 4641 913 4696 214
941 4641 1084 4703 (ποικίλον
1109 4639 1342 4710 μεμολυσμένον)
1369 4641 1455 4694 παντί
1480 4637 1556 4708 γένει

250 4731 329 4786 Βοίιττ
348 4729 547 4786 (παντοδαπόν
565 4725 640 4784 ἐστιν
658 4728 707 4782 καί
724 4725 927 4794 δονλοίμενονί
947 4723 1031 4780 πάντι
1049 4723 1124 4794 γένει
1144 4723 1189 4780 Wi
