3784 5532
649 521 788 576 stromata
804 522 825 576 1.
848 521 914 592 Cap.
925 521 1011 576 XVII.
1028 523 1070 590 83,
1082 522 1175 586 2-87,
1188 525 1211 576 1.
1546 529 1586 588 55

278 691 377 774 πυρῷ
400 683 444 756 τό
462 681 597 772 ζιζάνια.
636 682 798 766 »πάντεςτ
825 677 887 756 οῦν
912 688 962 756 τοί
984 683 1052 774 πρὸ
1073 691 1192 774 κυρίου
1205 691 1349 758 κλέπται
1364 693 1419 756 καὶ
1435 694 1581 774 λῃσταίτ
1607 697 1621 752 ῖ

279 779 339 872 οῦχ
354 779 474 868 ἅπλῶς
487 781 616 868 πάντες
631 783 825 872 ἄνθρωποι,
846 781 976 867 πάντες
990 790 1027 856 δὲ
1045 785 1076 858 οί
1092 791 1374 876 ψευδοπροφῆται
1388 791 1443 856 καί
1458 779 1585 867 πάντες

280 887 312 956 οί
333 884 378 974 μῆ
400 891 526 970 κυρίως
546 880 610 956 ὁπ’
632 880 740 956 αῦτοῦ
762 879 1021 966 ἀποσταλέντες.

363 985 467 1072 Εἶχον
493 989 527 1056 δὲ
554 991 609 1055 καί
636 988 670 1056 οί
685 989 997 1108 ψευδοπροφῆται
1009 981 1050 1054 τό
1072 989 1212 1074 κλέμμα,
1245 983 1287 1056 τὸ
1310 976 1482 1070 ὄνοματὸ
1504 1010 1586 1073 προ·
1604 997 1651 1062 85
1665 999 1681 1052 1

246 1080 442 1207 εφητικόν,
472 1090 647 1174 προφῆται
678 1077 790 1168 όντες,
820 1081 907 1156 ἀλλὰ
934 1089 998 1156 τοῦ
1023 1081 1181 1170 ψεῦστου.
1209 1089 1311 1254 ὲλέγει
1333 1083 1396 1174 γὰρ
1419 1078 1438 1156 ό
1460 1081 1586 1172 κύριος·
1605 1099 1623 1154 1

283 1180 391 1302 τῦμεῖς
419 1187 456 1254 ἐκ
483 1189 545 1254 τοῦ
570 1183 701 1274 πατρός
727 1181 824 1274 ῦμῶν
846 1213 909 1256 του
894 1181 1091 1270 διαβόλου
1117 1185 1164 1266 Ιέ
1166 1189 1224 1254 στὲ
1245 1190 1301 1254 καί
1324 1182 1385 1266 τὰς
1407 1185 1587 1272 ἐπιθυμίας
1604 1197 1689 1255 3691)

281 1289 344 1355 τοῦ
373 1281 505 1372 πατρὸς
534 1279 632 1372 ῦμοῦν
660 1290 780 1354 θέλετε
809 1301 930 1356 ποιεῖν.
973 1287 1100 1364 ἐκεῖνος
1131 1277 1426 1370 ἀνθρωποκτόνος
1454 1275 1495 1372 ῆν
1525 1276 1586 1352 ἀπ’

281 1379 399 1472 ἀρχῆς,
428 1390 483 1454 καί
510 1387 548 1454 ἐν
574 1389 617 1470 τῆ
643 1377 786 1473 ἀληθείᾳ
814 1379 874 1471 οῦχ
901 1375 1102 1502 έστηκεν,”
1083 1411 1138 1453 οτι
1165 1377 1227 1452 οῦκ
1258 1385 1350 1454 ἔστιν
1380 1377 1524 1470 ἀλῆθεια
1550 1384 1587 1452 ἐν

282 1479 385 1572 αὐτῷ.
429 1475 515 1552 ὅταν
538 1489 623 1570 λαλῆ
646 1479 686 1552 τό
708 1487 842 1570 ψεῦδος,
864 1487 901 1554 ἐκ
924 1489 996 1552 τῶν
1018 1487 1117 1552 ίδίων
1139 1491 1246 1564 λαλεῖ,
1270 1475 1324 1552 ὅτι
1347 1479 1494 1570 ψεύστης
1516 1483 1587 1552 ἐστί

231 1607 264 1662 10
280 1589 336 1652 καί
363 1577 383 1653 ό
409 1581 523 1671 πατὴρ
550 1579 684 1654 αότοῦ.τ
730 1585 767 1652 έν
793 1586 828 1652 δὲ
855 1601 928 1664 τοῖς
948 1579 1082 1670 ψεῦδεσι
1102 1587 1159 1652 καὶ
1180 1577 1295 1668 ἀληθῆ
1318 1607 1394 1652 τινα
1415 1581 1533 1670 ἔλεγον
1556 1583 1625 1652 οίσ

282 1687 578 1770 ψευδοπροφῆται,
608 1687 664 1754 καί
692 1687 742 1770 τῷ
766 1674 842 1752 όντι
864 1673 960 1752 οῦτοι
980 1685 1017 1752 έν
1039 1677 1191 1752 έκοτάσει
1214 1676 1453 1768 προεφῆτευον
1475 1677 1523 1762 οδς
1544 1677 1589 1750 ἂν

281 1778 479 1852 ἀποστάτου
500 1777 660 1852 διάκονοι.
704 1786 792 1870 λέγει
818 1786 931 1852 δὲκαὶ
958 1775 994 1852 »δ
1017 1775 1200 1870 ποιμήν,ό
1229 1779 1369 1869 ἄγγελος
1399 1783 1461 1868 τῆς
1490 1794 1625 1868 μετα-4

281 1889 393 1963 νοίαςι
419 1887 470 1970 τῷ
493 1876 594 1972 Ἑρμῆ
616 1885 777 1968 περὶτοῦ
800 1876 1099 1968 ψευδοπροφήτου·
1125 1877 1222 1950 »τινὰ
1244 1877 1306 1968 γὰρ
1326 1875 1459 1968 ὁῆματα
1474 1878 1588 1968 ἀληθῆ

282 1990 389 2052 λαλεῖ·
426 1975 530 2070 όγὰρ
556 1976 714 2064 διάβολος
740 1975 848 2051 αῦτόν
872 1989 999 2068 πληροῖ
1024 1985 1075 2068 τῷ
1104 1979 1226 2050 ἑαυτοῦ
1250 1977 1430 2068 πνεύματι,
1461 1981 1491 2047 εί
1511 2005 1589 2048 τινα

230 2105 264 2158 τε
282 2078 461 2168 δυνήσεται
482 2081 578 2169 ῥῆξαι
601 2087 675 2150 τῶν
697 2085 864 2151 δικαίωνε
903 2075 1018 2150 πάντα
1038 2083 1100 2166 μὲν
1122 2070 1185 2148 οῦν
1206 2083 1433 2165 οἰκονομεῖται
1449 2075 1590 2148 ἀνωθεν
1608 2095 1626 2150 5

281 2185 328 2263 είς
353 2175 476 2262 καλόν,
511 2183 584 2250 τίνα
611 2185 786 2268 γνωρισθῇ
813 2177 867 2248 διὰ
896 2183 956 2266 τῆς
978 2183 1152 2268 ἐκκλησίας
1175 2173 1195 2266 ῆ
1216 2185 1463 2260 πολυποίκιλος
1485 2183 1589 2263 σοφία

282 2285 344 2350 τοῦ
375 2285 474 2360 θεοῦ,
504 2277 592 2348 κατὰ
623 2275 821 2366 πρόγνωσιν
850 2285 924 2348 τιῦν
950 2278 1089 2350 αίώνων
1116 2276 1159 2367 ῆν
1180 2280 1338 2365 ἐποίησεν
1359 2279 1398 2346 έν
1420 2283 1585 2366 Χριστῷ.ι

282 2385 333 2468 τῷ
361 2385 434 2469 θεῷ
462 2383 498 2450 δὲ
526 2373 626 2448 οῦδὲν
649 2372 833 2448 ἀντίκειται
865 2373 941 2448 οῦδὲ
972 2381 1189 2448 ἐναντιοῦταί
1212 2405 1244 2446 τι
1267 2371 1375 2466 αῦτῷ,
1406 2383 1511 2464 κυρίῳ
1534 2382 1625 2448 καλσ

281 2475 537 2566 παντοκράτορι
567 2471 653 2550 όντι.
697 2473 783 2550 ἀλλὰ
813 2484 869 2547 καί
895 2481 929 2546 αί
955 2484 1028 2547 τῶν
1059 2472 1378 2565 ἀποστατησάντων
1407 2483 1525 2560 βουλαί
1551 2501 1589 2544 τε
1607 2497 1683 2560 8111

229 2599 264 2654 20
282 2583 336 2648 καί
359 2579 534 2666 ἐνέργειαι,
557 2582 686 2664 μερικαί
709 2568 813 2658 οῦσαι,
837 2584 992 2664 γίνονται
1014 2583 1075 2664 μὲν
1097 2579 1134 2646 ίκ
1156 2573 1288 2664 φαύλης
1310 2580 1508 2656 διαθέσεως,
1531 2602 1588 2644 κα-

281 2673 395 2764 θάπερ
417 2681 473 2746 καί
495 2679 529 2748 αί
552 2672 646 2748 νόσοι
669 2679 703 2748 αί
725 2683 924 2765 σωματικαί·
956 2679 1188 2762 κυβερνῶνται
1210 2680 1245 2746 δὲ
1268 2669 1335 2745 ῦπό
1358 2680 1419 2762 τῆς
1434 2671 1588 2744 καθόλου

281 2783 446 2863 προνοίας
476 2781 531 2847 ἐπί
563 2782 660 2858 τέλος
690 2770 853 2864 ῦγιεινόν,
884 2771 949 2844 κᾶν
978 2771 1162 2854 νοσοποιός
1187 2766 1207 2861 ῆ
1237 2769 1257 2861 ῆ
1284 2779 1383 2844 αίτία
1429 2778 1624 2860 μέγιστονε

281 2883 365 2964 γοῦν
395 2882 456 2965 τῆς
482 2883 579 2959 θείας
605 2883 770 2962 προνοίας
797 2873 837 2944 τὸ
864 2873 907 2962 μῆ
931 2878 1025 2946 δῦσαι
1047 2871 1113 2962 τῆν
1134 2875 1169 2958 ἐξ
1191 2868 1414 2954 ἀποστάσεως
1436 2873 1589 2947 ἑκουσίου

282 2993 422 3062 φυεῖσαν
443 2983 566 3046 κακίαν
588 2975 761 3064 ἄχρηστον
780 2979 836 3044 καί
860 2971 1022 3060 ἀνωφελῆ
1043 2977 1156 3061 μένειν
1177 2977 1258 3062 μηδὲ
1280 2972 1347 3060 μῆν
1367 2970 1456 3043 κατὰ
1473 2967 1588 3042 πάντα

230 3093 264 3148 25
281 3073 448 3162 βλαβερὰν
482 3071 592 3164 αὐτὴν
627 3081 796 3162 γενέσθαι·
833 3078 893 3162 τῆς
923 3071 986 3161 γὰρ
1017 3079 1111 3153 θείας
1144 3080 1266 3158 σοφίας
1295 3079 1351 3142 καί
1382 3067 1504 3160 ἀρετῆς
1533 3077 1627 3148 καὶε

283 3171 458 3262 δυνάμεως
480 3177 580 3262 ἔργον
602 3177 694 3244 ἐστὶν
715 3169 756 3243 οῦ
776 3168 885 3262 μόνον
908 3169 948 3242 τὸ
971 3167 1197 3260 ἀγαθοποιεῖν
1217 3167 1328 3258 (φύσις
1343 3169 1405 3258 γὰρ
1421 3165 1469 3252 οῦς
1483 3175 1591 3240 εἰπεῖν

282 3265 368 3362 αῦτη
392 3277 455 3346 τοῦ
476 3279 561 3344 θεοῦ
583 3269 631 3356 οῦς
653 3279 716 3344 τοῦ
737 3271 844 3357 πυρὸς
866 3269 908 3342 τὸ
931 3277 1126 3356 θερμαίνειν
1147 3277 1201 3342 καί
1229 3277 1293 3342 τοῦ
1314 3267 1433 3354 φωτὸς
1456 3267 1496 3340 τό
1520 3297 1590 3355 φω-

283 3379 409 3458 τίζειν),
432 3369 519 3444 ἀλλὰ
540 3369 677 3444 κάκεῖνο
699 3369 842 3462 μάλιστα
864 3370 906 3442 τὸ
925 3369 980 3441 διὰ
1001 3377 1118 3440 κακῶν
1134 3378 1207 3442 τῶν
1226 3375 1486 3456 έπινοηθέντων
1505 3363 1591 3454 πρός

283 3501 392 3542 τινων
424 3465 556 3560 ἀγαθόν
584 3501 617 3544 τι
643 3479 698 3542 καί
724 3469 874 3560 χρηστόν
904 3475 1002 3551 τέλος
1033 3465 1214 3541 ἀποτελεῖν
1240 3476 1296 3540 καί
1319 3465 1498 3557 τόφελίμως
1521 3485 1592 3550 τοῖς

231 3593 266 3647 ³0
283 3577 419 3644 δοκοῦσι
447 3571 590 3658 φαύλοις
620 3577 767 3660 χρῆσθαι
793 3565 950 3654 καθάπερ
975 3575 1030 3638 καί
1057 3575 1107 3658 τῷ
1135 3573 1172 3640 ίκ
1198 3575 1385 3656 πειρασμοῦ
1410 3575 1591 3656 μαρτυρίαι.

283 3673 375 3741 ἔστιν
407 3663 469 3742 οῦν
498 3667 564 3742 κάν
594 3677 794 3760 φιλοσοφίᾳ,
827 3675 868 3756 τῆ
898 3675 1060 3756 κλαπείση
1083 3665 1239 3756 καθάπερ
1270 3663 1336 3738 ῦπό
1365 3671 1591 3757 Προμηθέως,
1610 3687 1687 3754 ⁸⁷‚l

282 3775 350 3860 πῦρ
381 3765 498 3860 όλίγον
530 3777 575 3854 είς
606 3777 681 3858 φῶς
714 3767 906 3858 ίπιτῆδειον
937 3775 1106 3856 χρησίμως
1138 3765 1414 3856 ζωπυροῦμενον,
1444 3769 1536 3854 ἴχνος
1559 3793 1592 3835 τι

372 4031 564 4100 lJoh.10,8
652 4034 746 4088 11-10
764 4029 825 4085 Joh
844 4030 869 4096 8,
886 4031 919 4082 44
1002 4027 1134 4098 121νςί.
1154 4027 1244 4083 Herm.
1264 4027 1318 4082 Vis.
1339 4027 1397 4084 V?
1481 4027 1593 4082 18-15

285 4115 376 4170 Herm.
390 4117 482 4172 Μαοδ.
496 4117 562 4172 x13
644 4117 708 4172 lot
724 4115 821 4186 Ephes.
834 4117 858 4179 3,
873 4111 923 4168 101
1002 4115 1071 4168 19-
1075 4113 1115 4168 811
1128 4113 1316 4184 ChrysippFr.
1328 4114 1405 4184 phys.
1422 4111 1486 4166 1184
1500 4109 1594 4164 Arnim

332 4203 402 4256 111-
406 4201 491 4266 Βηῦδ
508 4203 522 4256 1
547 4201 602 4270 vgl.
622 4199 703 4256 Plato
722 4198 826 4254 Phileb.
845 4217 870 4269 p
891 4199 955 4252 160
977 4201 1055 4252 θεῶν
1072 4195 1125 4264 μέν
1143 4196 1183 4262 είς
1201 4193 1376 4266 ἀνθρώποις
1392 4196 1480 4260 δδσις.
1502 4185 1544 4258 ὥς
1561 4209 1593 4262 γε

286 4285 492 4354 καταφαίνεται
515 4283 592 4354 έμοί,
614 4287 707 4342 ποθέν
729 4287 762 4340 έκ
784 4287 860 4340 θεῶν
883 4280 984 4354 έρρίφιγ
1007 4279 1052 4336 διά
1070 4299 1148 4346 τινος
1167 4275 1381 4352 Προμηθέως“
1361 4299 1422 4348 αμα
1441 4275 1593 4350 φανοτάτιμ

287 4369 340 4423 τινί
358 4369 432 4440 περί.
514 4371 579 4426 8111
596 4370 649 4440 vgl.
668 4375 767 4424 strom.
786 4369 796 4422 1
816 4373 839 4436 λ,
858 4369 874 4422 3
892 4369 1000 4436 κίνησιν
1018 4368 1175 4435 ζητητικῆν,
1194 4361 1273 4436 ίγνος
1289 4381 1424 4436 γνιυσεως

374 4609 389 4664 1
411 4613 491 4680 πυρῷ
509 4607 589 4672 (nach
608 4627 625 4678 ρ
643 4606 687 4660 ein
707 4605 816 4660 Buchsf.
830 4605 910 4668 ααττ.)
930 4601 950 4656 L
1032 4603 1050 4658 4
1070 4595 1148 4672 είχον
1165 4604 1186 4668 (ι
1198 4601 1226 4656 in
1240 4601 1311 4666 Bas.)
1329 4601 1361 4654 11¹
1442 4597 1502 4668 τδί]
1521 4595 1593 4654 κατὰ

289 4691 376 4762 Ηεγτο
458 4693 493 4748 11
514 4689 759 4762 ψευδοπροφῆται]
774 4693 920 4758 προφῆται
942 4687 969 4754 L,
988 4687 1054 4742 aber
1071 4687 1159 4756 ψειδο
1182 4705 1227 4739 ατο
1250 4684 1328 4740 Rand
1351 4685 1383 4738 11
