3718 5530
562 580 712 636 ιθίεσιαιιία
726 581 769 636 Vl.
787 580 850 652 Cup.
863 581 884 634 1.
903 581 926 644 1.
940 581 1055 652 1-cap.
1068 577 1101 634 11.
1119 581 1144 644 ί,
1156 579 1181 634 2.
1469 587 1529 652 423

220 767 330 830 ρισται
363 747 436 814 τῶν
471 739 671 832 ἀλλογενῶν
702 734 735 832 (ᾖ
765 751 822 814 καί
854 739 1030 834 Λειμῶνός
1061 769 1150 824 τινες
1179 749 1236 814 καί
1264 735 1444 824 Ἑλικῶνος
1473 749 1528 814 καί

223 850 331 932 Κηρία
355 849 411 914 καί
433 848 591 926 Πέπλους
617 841 815 933 συναγωγὰς
845 853 1049 933 φιλομαθεῖς
1078 849 1246 926 ποικίλως
1271 837 1529 930 έξανθισόμενοι

221 939 505 1032 συνεγράψαντο)·
540 959 613 1026 τοίς
639 937 673 1014 δ’
696 939 744 1026 ῶς
766 944 883 1031 ἔτυχεν
909 947 965 1014 ίπί
985 939 1121 1034 μνήμην
1142 944 1280 1014 ἐλθοῦσι
1301 949 1356 1014 καὶ
1378 939 1463 1032 μήτε
1484 948 1528 1030 τῇ

222 1039 314 1128 τάξει
343 1039 426 1133 μήτε
455 1048 498 1132 τῇ
524 1039 645 1130 φράσει
671 1047 1008 1132 διακεκαθαρμίνοις,
1041 1045 1295 1130 διεσπαρμένοις
1317 1047 1353 1114 δὲ
1375 1045 1530 1130 ἐπίτηδες

184 1135 354 1230 σῶναμίξ,
385 1137 406 1232 ἦ
438 1147 512 1212 τῶν
531 1147 774 1232 Στρωματέων
803 1138 884 1233 ἡμῖν
913 1137 1134 1226 δποτόπωσις
1160 1147 1326 1232 λειμῶνος
1353 1148 1451 1230 δίκην
1471 1169 1529 1212 πε-

219 1251 402 1314 ποίκιλται.
443 1249 499 1312 καί
521 1241 561 1332 δὴ
585 1233 652 1314 ῶδε
674 1245 808 1330 ἔχοντες
830 1245 905 1332 έμοί
927 1269 965 1314 τε
985 1237 1213 1332 όπομνὴματα
1234 1242 1301 1314 είεν
1320 1237 1364 1312 όν
1379 1241 1566 1330 ζώπυραθ

222 1347 272 1430 τῷ
296 1369 333 1412 τε
355 1345 402 1424 είς
423 1347 551 1430 γνῶσιν
571 1345 762 1432 ἐπιτηδείῳ,
784 1345 814 1412 εί
833 1369 911 1424 πως
931 1339 1106 1430 περιτύχοι
1129 1347 1255 1416 τοισδε.
1277 1339 1364 1428 πρὸς
1385 1337 1427 1411 τὸ
1449 1363 1528 1430 συμ-

221 1445 327 1528 φέρον
348 1447 403 1512 καί
426 1437 602 1530 ιόφέλιμον
624 1441 709 1532 μετὰ
730 1445 876 1529 ίδρῶτος
899 1436 919 1532 ἡ
942 1437 1078 1532 ζήτησις
1099 1437 1286 1530 γενήσεται·
1323 1437 1363 1512 οὐ
1385 1438 1448 1530 γὰρ
1468 1437 1565 1530 μό-ίί

220 1567 284 1612 νον
309 1545 383 1610 τῶν
409 1547 531 1612 σιτίων
558 1539 622 1612 τόν
646 1537 767 1624 πόνον,
798 1539 889 1612 πολίι
915 1547 951 1614 δὲ
973 1545 1081 1614 πλέον
1102 1549 1158 1612 καί
1180 1545 1242 1630 τῆς
1262 1539 1420 1630 γνῶσεως
1443 1535 1528 1628 ἡγεί-

169 1649 202 1702 10
219 1649 300 1710 σθαι
327 1644 468 1724 δίκαιον,
500 1659 573 1724 τοις
599 1639 654 1712 διὰ
680 1645 800 1730 στενῆς
826 1645 881 1712 καί
903 1645 1127 1730 τεθλιμμένης
1149 1645 1211 1730 τῆς
1231 1645 1393 1730 κυριακῆς
1414 1631 1528 1720 όντως

219 1732 302 1810 ὁδοῦ
331 1743 378 1822 είς
409 1737 473 1828 τὴν
503 1735 613 1812 ἀίδιον
645 1747 701 1812 καί
734 1747 902 1830 μακαρίαν
932 1745 1254 1830 παραπεμπομένως
1284 1746 1469 1829 σωτηρίαν·
1505 1733 1564 1828 ἦέ

220 1843 343 1928 γνῶσις
365 1844 400 1910 δὲ
422 1835 520 1928 ἡμῶν
541 1846 596 1910 καί
617 1832 637 1910 ό
659 1835 861 1926 παράδεισος
883 1834 902 1910 ό
924 1839 1151 1930 πνευματικὸς
1174 1835 1278 1923 αὐτὸς
1299 1835 1397 1930 ἡμῶν
1419 1833 1438 1912 ό
1460 1861 1526 1910 σω·

218 1939 282 2028 τὴρ
303 1934 453 2026 ὑπάρχει,
480 1941 527 2022 είς
553 1931 594 2010 όν
624 1935 938 2028 καταφυτευόμεθα,
961 1943 1207 2030 μετατεθέντες
1228 1945 1283 2010 καί
1305 1963 1525 2030 μεταμοσχευ-

217 2045 337 2122 θέντες
360 2043 405 2121 είς
427 2037 492 2128 τὴν
513 2043 577 2128 γῆν
600 2037 664 2128 τὴν
686 2035 821 2128 ἀγαθὴν
842 2042 879 2110 έκ
900 2045 975 2125 βίου
997 2046 1061 2112 τοῦ
1080 2045 1242 2112 παλαωῦ·
1264 2033 1473 2130 ἦμεταβολὴ
1489 2043 1525 2110 δὲ

165 2157 198 2210 16
217 2143 279 2228 τῆς
314 2145 452 2224 φυτείας
489 2143 535 2220 είς
570 2133 754 2226 εὐκαρπίαν
788 2135 1019 2227 συμβάλλεται.
1071 2145 1148 2228 φῶς
1182 2129 1246 2210 οὖν
1276 2133 1295 2210 ό
1326 2137 1439 2226 κόριος
1469 2145 1525 2210 καί

218 2244 341 2325 γνῶσις
363 2233 383 2326 ἡ
405 2233 546 2327 δληθής,
569 2241 614 2320 είς
637 2229 678 2308 όν
698 2243 958 2327 μετετέθημεν.ί

301 2341 441 2425 Λέγεται
463 2341 499 2406 δὲ
519 2343 575 2408 καί
598 2335 714 2420 ἄλλως
736 2334 834 2426 διττὴ
858 2333 878 2426 ἦ
900 2343 1032 2426 γνῶσις,
1055 2335 1076 2428 ἢ
1098 2343 1161 2428 μέν
1174 2343 1308 2420 κοινῶς,
1332 2333 1405 2427 ἧέν
1419 2342 1524 2408 πᾶσιν
1543 2349 1623 2406 737Ρ
1642 2349 1695 2414 ⁸,1

217 2431 417 2524 ἀνθρώποις
439 2431 568 2525 ὁμοίως
589 2434 718 2520 σόνεσίς
740 2465 776 2507 τε
798 2443 853 2508 καί
877 2433 1057 2526 ἀντίληψις
1077 2437 1165 2510 κατὰ
1187 2437 1228 2508 τό
1251 2445 1427 2526 γνωρίζειν
1450 2437 1524 2508 ίκα-

216 2558 302 2606 στον
337 2543 411 2606 τῶν
445 2533 678 2624 ὑποκειμένων
713 2533 900 2627 πανδὴμως
935 2540 1175 2628 ἐμφαινομένη,
1213 2529 1251 2626 ἧς
1281 2533 1323 2610 οό
1351 2533 1460 2626 μόνον
1490 2539 1524 2606 αί

164 2651 198 2706 20
217 2641 346 2724 λογικαί
369 2631 565 2724 (δυνάμεις),
596 2631 673 2706 ἀλλ’
696 2639 778 2720 ίοως
803 2643 858 2708 καί
886 2639 919 2707 αί
945 2635 1064 2724 ἄλογοι
1090 2641 1298 2726 μεθέξουσιν,
1330 2635 1373 2727 ἢν
1395 2631 1458 2708 οόκ
1480 2633 1523 2706 ἄν

216 2761 301 2806 ποτε
324 2737 428 2822 ἔγωγε
449 2739 576 2822 γνῶσίν
598 2763 632 2824 γε
657 2729 866 2826 όνομόσαιμι,
890 2735 956 2826 τὴν
977 2743 1033 2806 καί
1052 2729 1099 2806 δι’
1114 2743 1348 2826 αίσθητηρίων
1363 2731 1523 2824 ῶντιλαμ·

216 2831 378 2920 βᾶνεσθαι
408 2851 611 2921 πεφυκυῖαν·
643 2829 722 2924 ἡδὲ
750 2838 928 2922 ἐξαιρέτως
955 2829 1188 2928 ὀνομαζομένη
1214 2841 1339 2926 γνῶσις
1365 2831 1433 2908 όπό
1462 2839 1559 2924 τῆςν

215 2934 351 3024 γνώμης
381 2941 437 3004 καί
468 2940 530 3004 τοῦ
560 2931 666 3022 λόγου
693 2941 987 3024 χαρακτηρίζεται,
1018 2929 1103 3006 καθ’
1130 2933 1173 3025 ἢν
1201 2930 1303 3025 μόναι
1330 2938 1364 3006 αί
1390 2941 1522 3024 λογικαί

215 3031 371 3122 δυνάμεις
398 3031 537 3122 γνῶσεις
563 3031 777 3124 γενήσονται,
808 3038 842 3106 αί
869 3051 941 3117 τοῖς
968 3051 1104 3122 νοητοῖς
1133 3032 1220 3106 κατὰ
1246 3033 1353 3124 ψιλὴν
1374 3032 1439 3123 τὴν
1461 3039 1523 3123 τῆς

164 3147 198 3203 25
217 3139 324 3224 ψυχῆς
351 3137 519 3220 ἐνέργειαν
545 3137 736 3220 εἰλικρινῶς
758 3130 1011 3218 ἐπιβάλλουσαι·
1051 3133 1211 3224 »χρηστὸς
1233 3129 1353 3224 ῶνὴρι,
1376 3139 1480 3222 φησίν
1502 3125 1559 3204 όσ

217 3239 326 3318 Δαθίδ,
353 3227 390 3304 »ό
413 3237 614 3320 οίκτίρμωνι
640 3237 714 3304 τῶν
735 3237 1054 3322 παραπολλυμένων
1076 3239 1119 3322 τῇ
1139 3231 1254 3322 πλόνη
1280 3239 1353 3304 »καί
1373 3237 1517 3322 κιγρῶνι

215 3337 252 3403 έκ
278 3327 489 3422 μεταδόσεως
519 3337 582 3402 τοῦ
608 3327 712 3418 λόγου
740 3337 801 3420 τῆς
827 3329 1000 3422 ἀληθείας,
1032 3327 1092 3420 οόχ
1119 3327 1167 3416 ῶς
1192 3334 1318 3422 ἔτυχεν,
1351 3326 1437 3403 όλλό
1459 3331 1521 3421 γὰρ

219 3427 448 3520 ιοίιιονομήσει
471 3429 553 3512 τοὺς
575 3427 697 3518 λόγους
719 3427 825 3502 αὐτοῦ
846 3435 883 3502 έν
904 3439 1040 3520 κρίσειι,
1062 3437 1269 3522 ἐπιλογισμῷ
1285 3441 1396 3518 βαθεῖ·
1419 3421 1521 3514 οὗτος

218 3527 441 3620 ιέσκόρπισεν,
464 3533 592 3602 ἔδωκεν
613 3547 685 3612 τοις
706 3535 877 3620 πένησινι.

161 3649 196 3704 ³0
296 3651 339 3718 II.
369 3643 442 3734 Πρὸ
473 3651 508 3718 δέ
538 3651 600 3734 τῆς
630 3650 676 3728 είς
707 3645 748 3718 τό
778 3656 1002 3737 προκείμενον
1031 3645 1247 3738 ἐγχειρήσεως
1276 3651 1313 3720 έν
1339 3655 1521 3738 προοιμίου
1535 3663 1593 3732 4,1

214 3751 292 3818 εἴδει
322 3749 606 3834 προσαποδοτέον
640 3751 691 3836 τῷ
718 3753 839 3833 πέρατι
866 3751 929 3818 τοῦ
955 3751 1112 3836 πέμπτου
1134 3753 1372 3837 Στρωματέως
1398 3745 1442 3818 τό
1469 3749 1519 3816 έν·

214 3853 380 4020 δεονξέίῶεί
418 3941 481 4032 γὰρ
516 3943 773 4036 ποιεοτῆσαμεν
809 3945 849 4018 τὸ
885 3945 1090 4035 συμβολικὸν
1123 3945 1212 4028 ‘²⁶⁰9
1248 3941 1388 4034 ἄρδω
1424 3945 1557 4026 dvm

298 4183 435 4254 Ῑθίνρὶ,
455 4185 554 4242 mh.
573 4185 601 4252 7,
621 4185 652 4239 14
735 4182 1079 4254 lntvgl.ssom.11,1?
1162 4184 1199 4238 15
1221 4183 1277 4252 ng
1295 4179 1451 4244 Johw

212 4269 326 4324 25-29
345 4267 415 4322 Ρειι1.
436 4271 492 4336 111,
510 4269 569 4326 M
646 4267 722 4324 m
736 4267 792 4336 vgl.
811 4267 908 4324 strom
928 4267 950 4320 V
972 4269 1072 4324 19-59

298 4475 424 4556 lhwi
450 4485 478 4542 εί
494 4487 515 4542 L
595 4505 669 4554 τινες
689 4505 758 4542 corr.
777 4502 825 4541 εαι
846 4503 925 4552 τινας
947 4485 978 4540 Ιί
1060 4480 1259 4554 ίλαιῶνας(ας
1276 4483 1304 4538 in
1322 4484 1396 4550 nu.)
1415 4483 1448 4538 1ιῑ

213 4567 457 4642 θέαεγράψαντο
475 4571 522 4627 Wi
602 4571 643 4628 2⁰
664 4569 822 4640 (διυιίμεις1
841 4569 944 4624 Ηεντεί
1022 4569 1058 4624 21
1079 4587 1111 4640 γε
1130 4569 1178 4624 Mu
1198 4567 1268 4626 τεῙε
1290 4567 1341 4639 [τε]
1359 4567 1391 4624 St
1467 4569 1518 4636 την

211 4655 261 4710 καί
281 4655 328 4710 Ma
353 4657 401 4711 καί
419 4657 484 4724 (νου
502 4655 537 4710 Ιθ
554 4655 665 4728 ρεθίςί)
683 4657 734 4726 την
755 4655 776 4710 L
866 4655 906 4711 θί
933 4653 1053 4724 γνώσεις
1077 4655 1260 4724 γεννησαυσιν
1286 4653 1352 4708 oder
1377 4649 1517 4724 [γνόνσειςί

211 4735 371 4810 γνώσονται
390 4739 526 4795 Βεὶαλειιε
544 4759 569 4812 p.
587 4743 656 4796 ‘296²
735 4741 771 4796 ⁸1
792 4737 932 4808 πέμπτου]
949 4739 967 4794 ε’
985 4737 1005 4792 L
