<?xml version="1.0" encoding="UTF-8"?>
<!DOCTYPE html PUBLIC "-//W3C//DTD XHTML 1.0 Transitional//EN"
    "http://www.w3.org/TR/xhtml1/DTD/xhtml1-transitional.dtd">
<html xmlns="http://www.w3.org/1999/xhtml" xml:lang="en" lang="en">
 <head>
  <title>
</title>
<meta http-equiv="Content-Type" content="text/html;charset=utf-8" />
  <meta name='ocr-system' content='tesseract 3.04.00' />
  <meta name='ocr-capabilities' content='ocr_page ocr_carea ocr_par ocr_line ocrx_word'/>
</head>
<body>
  <div class='ocr_page' id='page_1' title='image "./diegriechischen02wissgoog/diegriechischen02wissgoog_0041.png"; bbox 0 0 3738 5536; ppageno 0'>
   <div class='ocr_carea' id='block_1_1' title="bbox 683 497 1571 570">
    <p class='ocr_par' dir='ltr' id='par_1_1' title="bbox 683 497 1571 570">
     <span class='ocr_line' id='line_1_1' title="bbox 683 497 1571 570; baseline -0.005 -16"><span class='ocrx_word' id='word_1_1' title='bbox 683 500 822 554; x_wconf 71' lang='lat' dir='ltr'><strong>stromata</strong></span> <span class='ocrx_word' id='word_1_2' title='bbox 840 501 859 554; x_wconf 93' lang='lat'><strong><em>1.</em></strong></span> <span class='ocrx_word' id='word_1_3' title='bbox 884 499 948 570; x_wconf 76' lang='lat' dir='ltr'><strong>Cap.</strong></span> <span class='ocrx_word' id='word_1_4' title='bbox 966 499 987 554; x_wconf 82' lang='lat' dir='ltr'>L</span> <span class='ocrx_word' id='word_1_5' title='bbox 1006 501 1029 560; x_wconf 82' lang='lat'><strong><em>2.</em></strong></span> <span class='ocrx_word' id='word_1_6' title='bbox 1042 497 1118 560; x_wconf 89' lang='grc'><strong><em>2-6,</em></strong></span> <span class='ocrx_word' id='word_1_7' title='bbox 1129 499 1153 552; x_wconf 87' lang='grc'><strong><em>2.</em></strong></span> <span class='ocrx_word' id='word_1_8' title='bbox 1553 503 1571 560; x_wconf 83' lang='lat'>5</span> 
     </span>
    </p>
   </div>
   <div class='ocr_carea' id='block_1_2' title="bbox 205 651 1673 4036">
    <p class='ocr_par' dir='ltr' id='par_1_2' title="bbox 263 651 1608 1052">
     <span class='ocr_line' id='line_1_2' title="bbox 264 651 1607 782; baseline -0.007 -46"><span class='ocrx_word' id='word_1_9' title='bbox 264 692 366 736; x_wconf 85' lang='grc' dir='ltr'><strong><em>νεται</em></strong></span> <span class='ocrx_word' id='word_1_10' title='bbox 410 657 488 736; x_wconf 77' lang='grc' dir='ltr'><strong><em>ἀλλ’</em></strong></span> <span class='ocrx_word' id='word_1_11' title='bbox 512 659 615 752; x_wconf 86' lang='grc' dir='ltr'><strong><em>ήμέν</em></strong></span> <span class='ocrx_word' id='word_1_12' title='bbox 637 661 799 782; x_wconf 78' lang='grc' dir='ltr'><strong><em>κηρυκική</em></strong></span> <span class='ocrx_word' id='word_1_13' title='bbox 821 659 987 752; x_wconf 79' lang='grc' dir='ltr'><strong><em>ἐπιστήμη</em></strong></span> <span class='ocrx_word' id='word_1_14' title='bbox 1009 657 1073 750; x_wconf 92' lang='grc' dir='ltr'><strong><em>ηδη</em></strong></span> <span class='ocrx_word' id='word_1_15' title='bbox 1100 689 1175 743; x_wconf 90' lang='grc' dir='ltr'><strong><em>πως</em></strong></span> <span class='ocrx_word' id='word_1_16' title='bbox 1197 655 1368 748; x_wconf 87' lang='grc' dir='ltr'><strong><em>άγγελική,</em></strong></span> <span class='ocrx_word' id='word_1_17' title='bbox 1395 651 1607 744; x_wconf 78' lang='grc' dir='ltr'><strong><em>δποτέρως2</em></strong></span> 
     </span>
     <span class='ocr_line' id='line_1_3' title="bbox 264 749 1570 852; baseline -0.006 -18"><span class='ocrx_word' id='word_1_18' title='bbox 264 761 308 834; x_wconf 76' lang='grc' dir='ltr'><strong><em>ἂν</em></strong></span> <span class='ocrx_word' id='word_1_19' title='bbox 333 767 465 852; x_wconf 77' lang='grc' dir='ltr'><strong><em>ἐνεργῇ,</em></strong></span> <span class='ocrx_word' id='word_1_20' title='bbox 488 759 542 834; x_wconf 89' lang='grc' dir='ltr'><strong><em>διά</em></strong></span> <span class='ocrx_word' id='word_1_21' title='bbox 565 790 603 832; x_wconf 92' lang='grc' dir='ltr'><strong><em>τε</em></strong></span> <span class='ocrx_word' id='word_1_22' title='bbox 625 769 687 852; x_wconf 81' lang='grc' dir='ltr'><strong><em>τῆς</em></strong></span> <span class='ocrx_word' id='word_1_23' title='bbox 707 761 817 852; x_wconf 88' lang='grc' dir='ltr'><strong><em>χειρός</em></strong></span> <span class='ocrx_word' id='word_1_24' title='bbox 839 760 893 836; x_wconf 88' lang='grc' dir='ltr'><strong><em>διά</em></strong></span> <span class='ocrx_word' id='word_1_25' title='bbox 917 791 953 834; x_wconf 89' lang='grc' dir='ltr'><strong><em>τε</em></strong></span> <span class='ocrx_word' id='word_1_26' title='bbox 976 767 1036 852; x_wconf 82' lang='grc' dir='ltr'><strong><em>τῆς</em></strong></span> <span class='ocrx_word' id='word_1_27' title='bbox 1058 761 1222 850; x_wconf 79' lang='grc' dir='ltr'><em>γλώττης,</em></span> <span class='ocrx_word' id='word_1_28' title='bbox 1245 757 1438 845; x_wconf 78' lang='grc' dir='ltr'><strong><em>ω’φελοῦσα·</em></strong></span> <span class='ocrx_word' id='word_1_29' title='bbox 1464 749 1570 828; x_wconf 79' lang='grc' dir='ltr'><strong><em>ιότιό</em></strong></span> 
     </span>
     <span class='ocr_line' id='line_1_4' title="bbox 263 855 1570 952; baseline -0.006 -18"><span class='ocrx_word' id='word_1_30' title='bbox 263 871 414 950; x_wconf 85' lang='grc' dir='ltr'><strong><em>σπείρων</em></strong></span> <span class='ocrx_word' id='word_1_31' title='bbox 439 861 543 944; x_wconf 87' lang='grc' dir='ltr'><strong><em>είς</em></strong></span> <span class='ocrx_word' id='word_1_32' title='bbox 507 892 548 933; x_wconf 90' lang='grc' dir='ltr'><strong><em>το</em></strong></span> <span class='ocrx_word' id='word_1_33' title='bbox 568 867 700 952; x_wconf 88' lang='grc' dir='ltr'><strong><em>πνεῦμα</em></strong></span> <span class='ocrx_word' id='word_1_34' title='bbox 722 867 759 933; x_wconf 86' lang='grc' dir='ltr'><strong><em>ἐκ</em></strong></span> <span class='ocrx_word' id='word_1_35' title='bbox 781 869 843 934; x_wconf 91' lang='grc' dir='ltr'><strong><em>τοῦ</em></strong></span> <span class='ocrx_word' id='word_1_36' title='bbox 864 861 1057 952; x_wconf 82' lang='grc' dir='ltr'><strong><em>πνεύματος</em></strong></span> <span class='ocrx_word' id='word_1_37' title='bbox 1079 869 1206 948; x_wconf 87' lang='grc' dir='ltr'><strong><em>θερίσει</em></strong></span> <span class='ocrx_word' id='word_1_38' title='bbox 1227 858 1321 949; x_wconf 83' lang='grc' dir='ltr'><strong><em>ζωὴν</em></strong></span> <span class='ocrx_word' id='word_1_39' title='bbox 1343 857 1497 930; x_wconf 79' lang='grc' dir='ltr'><strong><em>αίαόνιον·</em></strong></span> <span class='ocrx_word' id='word_1_40' title='bbox 1530 855 1570 926; x_wconf 84' lang='grc' dir='ltr'><strong><em>τὸ</em></strong></span> 
     </span>
     <span class='ocr_line' id='line_1_5' title="bbox 264 951 1608 1052; baseline -0.007 -16"><span class='ocrx_word' id='word_1_41' title='bbox 264 969 298 1036; x_wconf 80' lang='grc' dir='ltr'><strong><em>δὲ</em></strong></span> <span class='ocrx_word' id='word_1_42' title='bbox 321 961 430 1034; x_wconf 84' lang='grc' dir='ltr'><strong><em>καλὸν</em></strong></span> <span class='ocrx_word' id='word_1_43' title='bbox 458 967 640 1044; x_wconf 87' lang='grc' dir='ltr'><strong><em>ποιοῦντες</em></strong></span> <span class='ocrx_word' id='word_1_44' title='bbox 670 961 714 1052; x_wconf 84' lang='grc' dir='ltr'><strong><em>μή</em></strong></span> <span class='ocrx_word' id='word_1_45' title='bbox 746 965 958 1050; x_wconf 74' lang='grc' dir='ltr'><strong><em>ἐνκακῶμεν·</em></strong></span> <span class='ocrx_word' id='word_1_46' title='bbox 968 992 980 1026; x_wconf 83' lang='grc' dir='ltr'><strong><em>ι</em></strong></span> <span class='ocrx_word' id='word_1_47' title='bbox 1015 951 1238 1050; x_wconf 79' lang='grc' dir='ltr'><strong><em>συμβάλλεται</em></strong></span> <span class='ocrx_word' id='word_1_48' title='bbox 1264 965 1348 1048; x_wconf 91' lang='grc' dir='ltr'><strong><em>γοῦν</em></strong></span> <span class='ocrx_word' id='word_1_49' title='bbox 1369 957 1412 1030; x_wconf 86' lang='grc' dir='ltr'><strong><em>τὰ</em></strong></span> <span class='ocrx_word' id='word_1_50' title='bbox 1433 962 1608 1046; x_wconf 64' lang='grc' dir='ltr'><strong><em>μέγισται</em></strong></span> 
     </span>
    </p>

    <p class='ocr_par' dir='ltr' id='par_1_3' title="bbox 228 1057 1668 1548">
     <span class='ocr_line' id='line_1_6' title="bbox 228 1057 1571 1152; baseline -0.002 -20.98"><span class='ocrx_word' id='word_1_51' title='bbox 228 1068 315 1152; x_wconf 72' lang='grc' dir='ltr'><strong><em>ἴιτῷ</em></strong></span> <span class='ocrx_word' id='word_1_52' title='bbox 338 1058 556 1149; x_wconf 88' lang='grc' dir='ltr'><strong><em>περιτυχόντι</em></strong></span> <span class='ocrx_word' id='word_1_53' title='bbox 578 1059 666 1132; x_wconf 79' lang='grc' dir='ltr'><strong><em>κατὰ</em></strong></span> <span class='ocrx_word' id='word_1_54' title='bbox 688 1060 753 1150; x_wconf 86' lang='grc' dir='ltr'><strong><em>τήν</em></strong></span> <span class='ocrx_word' id='word_1_55' title='bbox 775 1068 873 1132; x_wconf 87' lang='grc' dir='ltr'><strong><em>θείαν</em></strong></span> <span class='ocrx_word' id='word_1_56' title='bbox 893 1057 1071 1152; x_wconf 89' lang='grc' dir='ltr'><strong><em>πρόνοιαν,</em></strong></span> <span class='ocrx_word' id='word_1_57' title='bbox 1094 1089 1202 1150; x_wconf 88' lang='grc' dir='ltr'><strong><em>αρχην</em></strong></span> <span class='ocrx_word' id='word_1_58' title='bbox 1216 1067 1374 1142; x_wconf 90' lang='grc' dir='ltr'><strong><em>πίστεως</em></strong></span> <span class='ocrx_word' id='word_1_59' title='bbox 1396 1063 1571 1138; x_wconf 89' lang='grc' dir='ltr'><strong><em>πολιτείας</em></strong></span> 
     </span>
     <span class='ocr_line' id='line_1_7' title="bbox 262 1133 1571 1250; baseline -0.005 -18"><span class='ocrx_word' id='word_1_60' title='bbox 262 1133 523 1250; x_wconf 68' lang='grc' dir='ltr'><strong><em>προθυμίαν,“</em></strong></span> <span class='ocrx_word' id='word_1_61' title='bbox 505 1159 612 1250; x_wconf 84' lang='grc' dir='ltr'><strong><em>ορμήν</em></strong></span> <span class='ocrx_word' id='word_1_62' title='bbox 635 1159 700 1250; x_wconf 86' lang='grc' dir='ltr'><strong><em>τήν</em></strong></span> <span class='ocrx_word' id='word_1_63' title='bbox 721 1159 836 1231; x_wconf 84' lang='grc' dir='ltr'><strong><em>ἐπὶ</em></strong></span> <span class='ocrx_word' id='word_1_64' title='bbox 798 1189 863 1250; x_wconf 92' lang='grc' dir='ltr'><strong><em>την</em></strong></span> <span class='ocrx_word' id='word_1_65' title='bbox 884 1157 1063 1250; x_wconf 88' lang='grc' dir='ltr'><strong><em>άλήθειαν,</em></strong></span> <span class='ocrx_word' id='word_1_66' title='bbox 1094 1167 1227 1249; x_wconf 89' lang='grc' dir='ltr'><strong><em>κίνησιν</em></strong></span> <span class='ocrx_word' id='word_1_67' title='bbox 1250 1154 1492 1248; x_wconf 82' lang='grc' dir='ltr'><strong><em>ζητητικήν,”</em></strong></span> <span class='ocrx_word' id='word_1_68' title='bbox 1479 1185 1571 1244; x_wconf 87' lang='grc' dir='ltr'><strong><em>ιχνος</em></strong></span> 
     </span>
     <span class='ocr_line' id='line_1_8' title="bbox 264 1255 1571 1350; baseline -0.003 -20"><span class='ocrx_word' id='word_1_69' title='bbox 264 1259 437 1350; x_wconf 80' lang='grc' dir='ltr'><strong><em>γνώσεως,</em></strong></span> <span class='ocrx_word' id='word_1_70' title='bbox 467 1255 644 1330; x_wconf 78' lang='grc' dir='ltr'><strong><em>συνελόντι</em></strong></span> <span class='ocrx_word' id='word_1_71' title='bbox 671 1265 777 1330; x_wconf 79' lang='grc' dir='ltr'><strong><em>εἰπεῖν</em></strong></span> <span class='ocrx_word' id='word_1_72' title='bbox 804 1256 958 1350; x_wconf 81' lang='grc' dir='ltr'><strong><em>άφορμίις</em></strong></span> <span class='ocrx_word' id='word_1_73' title='bbox 985 1267 1100 1332; x_wconf 89' lang='grc' dir='ltr'><strong><em>δίδωσι</em></strong></span> <span class='ocrx_word' id='word_1_74' title='bbox 1122 1265 1299 1348; x_wconf 80' lang='grc' dir='ltr'><strong><em>σωτηρίας.</em></strong></span> <span class='ocrx_word' id='word_1_75' title='bbox 1342 1261 1375 1328; x_wconf 88' lang='grc' dir='ltr'><strong><em>σί</em></strong></span> <span class='ocrx_word' id='word_1_76' title='bbox 1397 1263 1433 1326; x_wconf 78' lang='grc' dir='ltr'><strong><em>δὲ</em></strong></span> <span class='ocrx_word' id='word_1_77' title='bbox 1455 1260 1571 1342; x_wconf 88' lang='grc' dir='ltr'><strong><em>ἐντρα-</em></strong></span> 
     </span>
     <span class='ocr_line' id='line_1_9' title="bbox 263 1355 1668 1450; baseline -0.004 -20"><span class='ocrx_word' id='word_1_78' title='bbox 263 1365 384 1446; x_wconf 86' lang='grc' dir='ltr'><strong><em>φέντες</em></strong></span> <span class='ocrx_word' id='word_1_79' title='bbox 414 1366 560 1450; x_wconf 79' lang='grc' dir='ltr'><strong><em>γνησίως</em></strong></span> <span class='ocrx_word' id='word_1_80' title='bbox 590 1376 662 1441; x_wconf 78' lang='grc' dir='ltr'><strong><em>τοῖς</em></strong></span> <span class='ocrx_word' id='word_1_81' title='bbox 692 1363 754 1446; x_wconf 85' lang='grc' dir='ltr'><strong><em>τῆς</em></strong></span> <span class='ocrx_word' id='word_1_82' title='bbox 783 1355 946 1448; x_wconf 77' lang='grc' dir='ltr'><strong><em>ἀληθείας</em></strong></span> <span class='ocrx_word' id='word_1_83' title='bbox 976 1355 1090 1450; x_wconf 80' lang='grc' dir='ltr'><strong><em>λόγοις</em></strong></span> <span class='ocrx_word' id='word_1_84' title='bbox 1112 1355 1231 1446; x_wconf 82' lang='grc' dir='ltr'><strong><em>ἐφόδια</em></strong></span> <span class='ocrx_word' id='word_1_85' title='bbox 1254 1363 1342 1446; x_wconf 83' lang='grc' dir='ltr'><strong><em>ζωῆς</em></strong></span> <span class='ocrx_word' id='word_1_86' title='bbox 1361 1367 1366 1440; x_wconf 96' lang='grc' dir='ltr'>Ι</span> <span class='ocrx_word' id='word_1_87' title='bbox 1386 1355 1495 1430; x_wconf 80' lang='grc' dir='ltr'><strong><em>ἀιδίου</em></strong></span> <span class='ocrx_word' id='word_1_88' title='bbox 1515 1365 1571 1426; x_wconf 91' lang='grc' dir='ltr'><strong><em>λιι-</em></strong></span> <span class='ocrx_word' id='word_1_89' title='bbox 1590 1373 1668 1426; x_wconf 71' lang='grc'>1118</span> 
     </span>
     <span class='ocr_line' id='line_1_10' title="bbox 262 1453 1608 1548; baseline -0.004 -16"><span class='ocrx_word' id='word_1_90' title='bbox 262 1457 382 1546; x_wconf 78' lang='grc' dir='ltr'><strong><em>βάντες</em></strong></span> <span class='ocrx_word' id='word_1_91' title='bbox 409 1465 454 1542; x_wconf 89' lang='grc' dir='ltr'><strong><em>είς</em></strong></span> <span class='ocrx_word' id='word_1_92' title='bbox 476 1454 624 1546; x_wconf 87' lang='grc' dir='ltr'><strong><em>οῦρανὸν</em></strong></span> <span class='ocrx_word' id='word_1_93' title='bbox 649 1463 865 1548; x_wconf 74' lang='grc' dir='ltr'><strong><em>πτεροῦνται.</em></strong></span> <span class='ocrx_word' id='word_1_94' title='bbox 908 1460 1176 1548; x_wconf 81' lang='grc' dir='ltr'><strong><em>θαυμασιώτατα</em></strong></span> <span class='ocrx_word' id='word_1_95' title='bbox 1197 1467 1316 1530; x_wconf 88' lang='grc' dir='ltr'><strong><em>τοίνυν</em></strong></span> <span class='ocrx_word' id='word_1_96' title='bbox 1338 1453 1356 1529; x_wconf 92' lang='lat'><em>6</em></span> <span class='ocrx_word' id='word_1_97' title='bbox 1380 1453 1573 1537; x_wconf 80' lang='grc' dir='ltr'><strong><em>ἀπόστολος</em></strong></span> <span class='ocrx_word' id='word_1_98' title='bbox 1591 1465 1608 1520; x_wconf 83' lang='grc'>1</span> 
     </span>
    </p>

    <p class='ocr_par' dir='ltr' id='par_1_4' title="bbox 213 1553 1572 2046">
     <span class='ocr_line' id='line_1_11' title="bbox 213 1553 1571 1648; baseline 0.001 -19"><span class='ocrx_word' id='word_1_99' title='bbox 213 1579 246 1628; x_wconf 82' lang='grc' dir='ltr'><strong><em>1ο</em></strong></span> <span class='ocrx_word' id='word_1_100' title='bbox 267 1561 323 1630; x_wconf 74' lang='grc' dir='ltr'><strong><em>»ἐν</em></strong></span> <span class='ocrx_word' id='word_1_101' title='bbox 343 1565 466 1630; x_wconf 82' lang='grc' dir='ltr'><strong><em>παντλι</em></strong></span> <span class='ocrx_word' id='word_1_102' title='bbox 492 1565 571 1648; x_wconf 81' lang='grc' dir='ltr'><strong><em>φησί</em></strong></span> <span class='ocrx_word' id='word_1_103' title='bbox 598 1553 832 1640; x_wconf 77' lang='grc' dir='ltr'><strong><em>»συνιστάντες</em></strong></span> <span class='ocrx_word' id='word_1_104' title='bbox 855 1557 996 1641; x_wconf 78' lang='grc' dir='ltr'><strong><em>ίαυτοῦς</em></strong></span> <span class='ocrx_word' id='word_1_105' title='bbox 1015 1555 1063 1642; x_wconf 87' lang='grc' dir='ltr'><strong><em>σός</em></strong></span> <span class='ocrx_word' id='word_1_106' title='bbox 1079 1565 1163 1630; x_wconf 84' lang='grc' dir='ltr'><strong><em>θεοῦ</em></strong></span> <span class='ocrx_word' id='word_1_107' title='bbox 1178 1555 1339 1632; x_wconf 85' lang='grc' dir='ltr'><strong><em>διάκονοι.</em></strong></span> <span class='ocrx_word' id='word_1_108' title='bbox 1362 1553 1411 1640; x_wconf 78' lang='grc' dir='ltr'><strong><em>αίς</em></strong></span> <span class='ocrx_word' id='word_1_109' title='bbox 1429 1563 1571 1644; x_wconf 78' lang='grc' dir='ltr'><strong><em>πτωχοί,</em></strong></span> 
     </span>
     <span class='ocr_line' id='line_1_12' title="bbox 263 1653 1571 1748; baseline -0.003 -19"><span class='ocrx_word' id='word_1_110' title='bbox 263 1658 415 1742; x_wconf 83' lang='grc' dir='ltr'><strong><em>πολλοῦς</em></strong></span> <span class='ocrx_word' id='word_1_111' title='bbox 441 1663 477 1728; x_wconf 88' lang='grc' dir='ltr'><strong><em>δέ</em></strong></span> <span class='ocrx_word' id='word_1_112' title='bbox 503 1663 760 1743; x_wconf 88' lang='grc' dir='ltr'><strong><em>πλουτίζοντες,</em></strong></span> <span class='ocrx_word' id='word_1_113' title='bbox 792 1653 841 1740; x_wconf 82' lang='grc' dir='ltr'><strong><em>ιός</em></strong></span> <span class='ocrx_word' id='word_1_114' title='bbox 866 1663 970 1747; x_wconf 82' lang='grc' dir='ltr'><strong><em>μηδὲν</em></strong></span> <span class='ocrx_word' id='word_1_115' title='bbox 991 1661 1126 1748; x_wconf 78' lang='grc' dir='ltr'><strong><em>ἔχοντες</em></strong></span> <span class='ocrx_word' id='word_1_116' title='bbox 1147 1665 1202 1730; x_wconf 83' lang='grc' dir='ltr'><strong><em>καὶ</em></strong></span> <span class='ocrx_word' id='word_1_117' title='bbox 1224 1655 1338 1729; x_wconf 90' lang='grc' dir='ltr'><strong><em>πάντα</em></strong></span> <span class='ocrx_word' id='word_1_118' title='bbox 1359 1662 1571 1744; x_wconf 84' lang='grc' dir='ltr'><strong><em>κατέχοντες·</em></strong></span> 
     </span>
     <span class='ocr_line' id='line_1_13' title="bbox 265 1753 1571 1848; baseline -0.002 -20"><span class='ocrx_word' id='word_1_119' title='bbox 265 1757 306 1828; x_wconf 89' lang='grc' dir='ltr'><strong><em>τό</em></strong></span> <span class='ocrx_word' id='word_1_120' title='bbox 328 1754 436 1848; x_wconf 84' lang='grc' dir='ltr'><strong><em>στόμα</em></strong></span> <span class='ocrx_word' id='word_1_121' title='bbox 459 1753 557 1846; x_wconf 81' lang='grc' dir='ltr'><strong><em>ήμῶν</em></strong></span> <span class='ocrx_word' id='word_1_122' title='bbox 577 1753 708 1846; x_wconf 85' lang='grc' dir='ltr'><strong><em>άνέῳγε</em></strong></span> <span class='ocrx_word' id='word_1_123' title='bbox 728 1756 816 1844; x_wconf 88' lang='grc' dir='ltr'><strong><em>πρὸς</em></strong></span> <span class='ocrx_word' id='word_1_124' title='bbox 837 1753 947 1847; x_wconf 84' lang='grc' dir='ltr'><strong><em>ῦμᾶς.ι</em></strong></span> <span class='ocrx_word' id='word_1_125' title='bbox 996 1756 1279 1848; x_wconf 78' lang='grc' dir='ltr'><strong><em>»διαμαρτύρομαι</em></strong></span> <span class='ocrx_word' id='word_1_126' title='bbox 1300 1761 1367 1830; x_wconf 81' lang='grc' dir='ltr'><strong><em>δέι.</em></strong></span> <span class='ocrx_word' id='word_1_127' title='bbox 1398 1762 1449 1846; x_wconf 83' lang='grc' dir='ltr'><strong><em>τῷ</em></strong></span> <span class='ocrx_word' id='word_1_128' title='bbox 1477 1763 1571 1844; x_wconf 81' lang='grc' dir='ltr'><strong><em>Τιμο-</em></strong></span> 
     </span>
     <span class='ocr_line' id='line_1_14' title="bbox 264 1851 1572 1947; baseline -0.005 -17"><span class='ocrx_word' id='word_1_129' title='bbox 264 1865 335 1947; x_wconf 85' lang='grc' dir='ltr'><strong><em>θέῳ</em></strong></span> <span class='ocrx_word' id='word_1_130' title='bbox 359 1864 462 1944; x_wconf 81' lang='grc' dir='ltr'><strong><em>φησίν</em></strong></span> <span class='ocrx_word' id='word_1_131' title='bbox 487 1859 712 1942; x_wconf 78' lang='grc' dir='ltr'><strong><em>ἐπιστέλλων,</em></strong></span> <span class='ocrx_word' id='word_1_132' title='bbox 746 1857 915 1930; x_wconf 75' lang='grc' dir='ltr'><strong><em>»ἐνώπιον</em></strong></span> <span class='ocrx_word' id='word_1_133' title='bbox 940 1863 1004 1930; x_wconf 90' lang='grc' dir='ltr'><strong><em>τοῦ</em></strong></span> <span class='ocrx_word' id='word_1_134' title='bbox 1030 1863 1115 1930; x_wconf 86' lang='grc' dir='ltr'><strong><em>θεοῦ</em></strong></span> <span class='ocrx_word' id='word_1_135' title='bbox 1140 1865 1196 1928; x_wconf 81' lang='grc' dir='ltr'><strong><em>καὶ</em></strong></span> <span class='ocrx_word' id='word_1_136' title='bbox 1219 1863 1369 1946; x_wconf 88' lang='grc' dir='ltr'><strong><em>Χριστοῦ</em></strong></span> <span class='ocrx_word' id='word_1_137' title='bbox 1391 1851 1495 1944; x_wconf 85' lang='grc' dir='ltr'><strong><em>Ἰησοῦ</em></strong></span> <span class='ocrx_word' id='word_1_138' title='bbox 1515 1859 1572 1924; x_wconf 84' lang='grc' dir='ltr'><strong><em>καὶ</em></strong></span> 
     </span>
     <span class='ocr_line' id='line_1_15' title="bbox 263 1953 1571 2046; baseline -0.005 -18"><span class='ocrx_word' id='word_1_139' title='bbox 263 1963 337 2028; x_wconf 81' lang='grc' dir='ltr'><strong><em>τῶν</em></strong></span> <span class='ocrx_word' id='word_1_140' title='bbox 358 1962 529 2028; x_wconf 75' lang='grc' dir='ltr'><strong><em>ἐκλεκτῶν</em></strong></span> <span class='ocrx_word' id='word_1_141' title='bbox 544 1953 707 2044; x_wconf 88' lang='grc' dir='ltr'><strong><em>άγγέλων,</em></strong></span> <span class='ocrx_word' id='word_1_142' title='bbox 730 1956 786 2028; x_wconf 86' lang='grc' dir='ltr'><strong><em>ίνα</em></strong></span> <span class='ocrx_word' id='word_1_143' title='bbox 801 1963 910 2028; x_wconf 89' lang='grc' dir='ltr'><strong><em>ταῦτα</em></strong></span> <span class='ocrx_word' id='word_1_144' title='bbox 925 1953 1074 2046; x_wconf 76' lang='grc' dir='ltr'><strong><em>φυλάξης</em></strong></span> <span class='ocrx_word' id='word_1_145' title='bbox 1089 1961 1190 2046; x_wconf 86' lang='grc' dir='ltr'><strong><em>χωρίς</em></strong></span> <span class='ocrx_word' id='word_1_146' title='bbox 1205 1965 1445 2046; x_wconf 84' lang='grc' dir='ltr'><strong><em>προκρίματος,</em></strong></span> <span class='ocrx_word' id='word_1_147' title='bbox 1467 1957 1571 2042; x_wconf 78' lang='grc' dir='ltr'><strong><em>μηδὲν</em></strong></span> 
     </span>
    </p>

    <p class='ocr_par' dir='ltr' id='par_1_5' title="bbox 213 2054 730 2144">
     <span class='ocr_line' id='line_1_16' title="bbox 213 2054 730 2144; baseline -0.004 -16"><span class='ocrx_word' id='word_1_148' title='bbox 213 2077 244 2128; x_wconf 73' lang='lat'><strong><em>1&#39;»</em></strong></span> <span class='ocrx_word' id='word_1_149' title='bbox 262 2063 376 2130; x_wconf 74' lang='grc' dir='ltr'><strong><em>ποιοῦν</em></strong></span> <span class='ocrx_word' id='word_1_150' title='bbox 397 2056 484 2128; x_wconf 86' lang='grc' dir='ltr'><strong><em>κατά</em></strong></span> <span class='ocrx_word' id='word_1_151' title='bbox 505 2054 730 2144; x_wconf 81' lang='grc' dir='ltr'><strong><em>πρόσκλισιν.ι</em></strong></span> 
     </span>
    </p>

    <p class='ocr_par' dir='ltr' id='par_1_6' title="bbox 346 2150 1642 2244">
     <span class='ocr_line' id='line_1_17' title="bbox 346 2150 1642 2244; baseline -0.005 -18"><span class='ocrx_word' id='word_1_152' title='bbox 346 2151 483 2244; x_wconf 79' lang='grc' dir='ltr'><strong><em>Ἀνάγκη</em></strong></span> <span class='ocrx_word' id='word_1_153' title='bbox 510 2163 629 2226; x_wconf 93' lang='grc' dir='ltr'><strong><em>τοίνυν</em></strong></span> <span class='ocrx_word' id='word_1_154' title='bbox 660 2153 763 2244; x_wconf 79' lang='grc' dir='ltr'><strong><em>άμωω</em></strong></span> <span class='ocrx_word' id='word_1_155' title='bbox 790 2153 904 2226; x_wconf 89' lang='grc' dir='ltr'><strong><em>τοῦτω</em></strong></span> <span class='ocrx_word' id='word_1_156' title='bbox 932 2153 1123 2244; x_wconf 80' lang='grc' dir='ltr'><strong><em>δοκιμάζειν</em></strong></span> <span class='ocrx_word' id='word_1_157' title='bbox 1144 2161 1234 2242; x_wconf 85' lang='grc' dir='ltr'><strong><em>σφᾶς</em></strong></span> <span class='ocrx_word' id='word_1_158' title='bbox 1255 2150 1391 2236; x_wconf 88' lang='grc' dir='ltr'><strong><em>αῦτοῦς,</em></strong></span> <span class='ocrx_word' id='word_1_159' title='bbox 1424 2151 1488 2224; x_wconf 89' lang='grc' dir='ltr'><strong><em>τὸν</em></strong></span> <span class='ocrx_word' id='word_1_160' title='bbox 1508 2157 1570 2242; x_wconf 77' lang='grc' dir='ltr'><strong><em>μὲν</em></strong></span> <span class='ocrx_word' id='word_1_161' title='bbox 1587 2174 1642 2234; x_wconf 62' lang='lat' dir='ltr'><em>m</em></span> 
     </span>
    </p>

    <p class='ocr_par' dir='ltr' id='par_1_7' title="bbox 259 2249 1569 2544">
     <span class='ocr_line' id='line_1_18' title="bbox 260 2249 1569 2346; baseline 0 -22"><span class='ocrx_word' id='word_1_162' title='bbox 260 2259 288 2324; x_wconf 88' lang='grc' dir='ltr'><strong><em>εί</em></strong></span> <span class='ocrx_word' id='word_1_163' title='bbox 309 2251 402 2341; x_wconf 77' lang='grc' dir='ltr'><strong><em>ἄξιος</em></strong></span> <span class='ocrx_word' id='word_1_164' title='bbox 424 2261 533 2342; x_wconf 88' lang='grc' dir='ltr'><strong><em>λέγειν</em></strong></span> <span class='ocrx_word' id='word_1_165' title='bbox 554 2283 590 2326; x_wconf 90' lang='grc' dir='ltr'><strong><em>τε</em></strong></span> <span class='ocrx_word' id='word_1_166' title='bbox 613 2261 669 2326; x_wconf 85' lang='grc' dir='ltr'><strong><em>καί</em></strong></span> <span class='ocrx_word' id='word_1_167' title='bbox 690 2251 916 2346; x_wconf 86' lang='grc' dir='ltr'><strong><em>ῦπομνήματα</em></strong></span> <span class='ocrx_word' id='word_1_168' title='bbox 946 2253 1228 2345; x_wconf 82' lang='grc' dir='ltr'><strong><em>καταλιμπάνειν,</em></strong></span> <span class='ocrx_word' id='word_1_169' title='bbox 1258 2253 1322 2326; x_wconf 89' lang='grc' dir='ltr'><strong><em>τὸν</em></strong></span> <span class='ocrx_word' id='word_1_170' title='bbox 1344 2259 1379 2325; x_wconf 83' lang='grc' dir='ltr'><strong><em>δέ</em></strong></span> <span class='ocrx_word' id='word_1_171' title='bbox 1401 2259 1429 2324; x_wconf 92' lang='grc' dir='ltr'><strong><em>εί</em></strong></span> <span class='ocrx_word' id='word_1_172' title='bbox 1449 2249 1569 2338; x_wconf 84' lang='grc' dir='ltr'><strong><em>άκρσᾶ·</em></strong></span> 
     </span>
     <span class='ocr_line' id='line_1_19' title="bbox 260 2348 1569 2444; baseline -0.002 -20"><span class='ocrx_word' id='word_1_173' title='bbox 260 2361 341 2424; x_wconf 85' lang='grc' dir='ltr'><strong><em>σθαί</em></strong></span> <span class='ocrx_word' id='word_1_174' title='bbox 364 2383 400 2424; x_wconf 87' lang='grc' dir='ltr'><strong><em>τε</em></strong></span> <span class='ocrx_word' id='word_1_175' title='bbox 423 2361 478 2426; x_wconf 85' lang='grc' dir='ltr'><strong><em>καί</em></strong></span> <span class='ocrx_word' id='word_1_176' title='bbox 497 2351 714 2444; x_wconf 82' lang='grc' dir='ltr'><strong><em>ἐντυγχάνειν</em></strong></span> <span class='ocrx_word' id='word_1_177' title='bbox 735 2359 880 2438; x_wconf 91' lang='grc' dir='ltr'><strong><em>δίκαιος·</em></strong></span> <span class='ocrx_word' id='word_1_178' title='bbox 902 2348 922 2444; x_wconf 78' lang='grc' dir='ltr'><strong><em>ή</em></strong></span> <span class='ocrx_word' id='word_1_179' title='bbox 942 2363 999 2426; x_wconf 84' lang='grc' dir='ltr'><strong><em>καὶ</em></strong></span> <span class='ocrx_word' id='word_1_180' title='bbox 1017 2353 1082 2443; x_wconf 83' lang='grc' dir='ltr'><strong><em>τήν</em></strong></span> <span class='ocrx_word' id='word_1_181' title='bbox 1103 2351 1315 2443; x_wconf 88' lang='grc' dir='ltr'><strong><em>εῦχαριστίαν</em></strong></span> <span class='ocrx_word' id='word_1_182' title='bbox 1337 2359 1427 2436; x_wconf 82' lang='grc' dir='ltr'><strong><em>τινές</em></strong></span> <span class='ocrx_word' id='word_1_183' title='bbox 1448 2357 1569 2422; x_wconf 90' lang='grc' dir='ltr'><strong><em>διανεί-</em></strong></span> 
     </span>
     <span class='ocr_line' id='line_1_20' title="bbox 259 2451 1565 2544; baseline 0 -21"><span class='ocrx_word' id='word_1_184' title='bbox 259 2480 390 2542; x_wconf 85' lang='grc' dir='ltr'><strong><em>μαντες.</em></strong></span> <span class='ocrx_word' id='word_1_185' title='bbox 413 2451 461 2536; x_wconf 82' lang='grc' dir='ltr'><strong><em>ιῦς</em></strong></span> <span class='ocrx_word' id='word_1_186' title='bbox 476 2457 567 2536; x_wconf 78' lang='grc' dir='ltr'><strong><em>ἔθος.</em></strong></span> <span class='ocrx_word' id='word_1_187' title='bbox 589 2451 697 2526; x_wconf 88' lang='grc' dir='ltr'><strong><em>αῦτόν</em></strong></span> <span class='ocrx_word' id='word_1_188' title='bbox 718 2453 759 2544; x_wconf 89' lang='grc' dir='ltr'><strong><em>δή</em></strong></span> <span class='ocrx_word' id='word_1_189' title='bbox 783 2455 926 2525; x_wconf 72' lang='grc' dir='ltr'><strong><em>ἕκαστον</em></strong></span> <span class='ocrx_word' id='word_1_190' title='bbox 948 2461 1010 2526; x_wconf 89' lang='grc' dir='ltr'><strong><em>τοῦ</em></strong></span> <span class='ocrx_word' id='word_1_191' title='bbox 1032 2460 1118 2526; x_wconf 89' lang='grc' dir='ltr'><strong><em>λαοῦ</em></strong></span> <span class='ocrx_word' id='word_1_192' title='bbox 1139 2463 1254 2538; x_wconf 74' lang='grc' dir='ltr'><strong><em>λαβεῖν</em></strong></span> <span class='ocrx_word' id='word_1_193' title='bbox 1277 2453 1340 2544; x_wconf 87' lang='grc' dir='ltr'><strong><em>τήν</em></strong></span> <span class='ocrx_word' id='word_1_194' title='bbox 1360 2472 1481 2543; x_wconf 75' lang='grc' dir='ltr'><strong><em>μοῖραν</em></strong></span> <span class='ocrx_word' id='word_1_195' title='bbox 1500 2455 1565 2524; x_wconf 85' lang='grc' dir='ltr'><strong><em>ἐπι·</em></strong></span> 
     </span>
    </p>

    <p class='ocr_par' dir='ltr' id='par_1_8' title="bbox 206 2549 1610 3042">
     <span class='ocr_line' id='line_1_21' title="bbox 206 2549 1603 2644; baseline 0.004 -19"><span class='ocrx_word' id='word_1_196' title='bbox 206 2573 243 2625; x_wconf 74' lang='grc' dir='ltr'><strong><em>2ο</em></strong></span> <span class='ocrx_word' id='word_1_197' title='bbox 261 2559 450 2640; x_wconf 86' lang='grc' dir='ltr'><strong><em>τρέπουσιν.</em></strong></span> <span class='ocrx_word' id='word_1_198' title='bbox 493 2549 612 2642; x_wconf 86' lang='grc' dir='ltr'><strong><em>άρίστη</em></strong></span> <span class='ocrx_word' id='word_1_199' title='bbox 644 2553 706 2642; x_wconf 86' lang='grc' dir='ltr'><strong><em>γὰρ</em></strong></span> <span class='ocrx_word' id='word_1_200' title='bbox 736 2552 822 2641; x_wconf 87' lang='grc' dir='ltr'><strong><em>πρὸς</em></strong></span> <span class='ocrx_word' id='word_1_201' title='bbox 854 2553 918 2642; x_wconf 86' lang='grc' dir='ltr'><strong><em>τήν</em></strong></span> <span class='ocrx_word' id='word_1_202' title='bbox 948 2550 1068 2644; x_wconf 79' lang='grc' dir='ltr'><strong><em>άκριβή</em></strong></span> <span class='ocrx_word' id='word_1_203' title='bbox 1098 2558 1225 2641; x_wconf 87' lang='grc' dir='ltr'><strong><em>αίρεσίν</em></strong></span> <span class='ocrx_word' id='word_1_204' title='bbox 1256 2582 1292 2626; x_wconf 91' lang='grc' dir='ltr'><strong><em>τε</em></strong></span> <span class='ocrx_word' id='word_1_205' title='bbox 1321 2563 1377 2624; x_wconf 84' lang='grc' dir='ltr'><strong><em>καί</em></strong></span> <span class='ocrx_word' id='word_1_206' title='bbox 1408 2551 1519 2642; x_wconf 80' lang='grc' dir='ltr'><strong><em>φυγήν</em></strong></span> <span class='ocrx_word' id='word_1_207' title='bbox 1548 2549 1603 2642; x_wconf 67' lang='grc' dir='ltr'><strong><em>ήλ</em></strong></span> 
     </span>
     <span class='ocr_line' id='line_1_22' title="bbox 260 2647 1567 2742; baseline 0.002 -20"><span class='ocrx_word' id='word_1_208' title='bbox 260 2657 458 2742; x_wconf 83' lang='grc' dir='ltr'><strong><em>συνείδησις,</em></strong></span> <span class='ocrx_word' id='word_1_209' title='bbox 495 2659 651 2742; x_wconf 78' lang='grc' dir='ltr'><strong><em>θεμέλιος</em></strong></span> <span class='ocrx_word' id='word_1_210' title='bbox 681 2657 717 2724; x_wconf 82' lang='grc' dir='ltr'><strong><em>δέ</em></strong></span> <span class='ocrx_word' id='word_1_211' title='bbox 747 2649 852 2742; x_wconf 87' lang='grc' dir='ltr'><strong><em>αῦτῆς</em></strong></span> <span class='ocrx_word' id='word_1_212' title='bbox 880 2660 1012 2740; x_wconf 82' lang='grc' dir='ltr'><strong><em>βέβαιος</em></strong></span> <span class='ocrx_word' id='word_1_213' title='bbox 1042 2649 1150 2742; x_wconf 88' lang='grc' dir='ltr'><strong><em>δρθδς</em></strong></span> <span class='ocrx_word' id='word_1_214' title='bbox 1175 2662 1247 2738; x_wconf 79' lang='grc' dir='ltr'><strong><em>βίος</em></strong></span> <span class='ocrx_word' id='word_1_215' title='bbox 1268 2647 1336 2742; x_wconf 85' lang='grc' dir='ltr'><strong><em>άμα</em></strong></span> <span class='ocrx_word' id='word_1_216' title='bbox 1357 2650 1502 2742; x_wconf 86' lang='grc' dir='ltr'><strong><em>μαθήσει</em></strong></span> <span class='ocrx_word' id='word_1_217' title='bbox 1525 2660 1567 2740; x_wconf 81' lang='grc' dir='ltr'><strong><em>τῇ</em></strong></span> 
     </span>
     <span class='ocr_line' id='line_1_23' title="bbox 260 2749 1565 2844; baseline 0 -22"><span class='ocrx_word' id='word_1_218' title='bbox 260 2752 455 2841; x_wconf 87' lang='grc' dir='ltr'><strong><em>καθηκοῦση</em></strong></span> <span class='ocrx_word' id='word_1_219' title='bbox 482 2749 524 2824; x_wconf 91' lang='grc' dir='ltr'><strong><em>τό</em></strong></span> <span class='ocrx_word' id='word_1_220' title='bbox 552 2781 588 2824; x_wconf 91' lang='grc' dir='ltr'><strong><em>τε</em></strong></span> <span class='ocrx_word' id='word_1_221' title='bbox 615 2753 755 2824; x_wconf 76' lang='grc' dir='ltr'><strong><em>ἕπεσθαι</em></strong></span> <span class='ocrx_word' id='word_1_222' title='bbox 783 2755 911 2842; x_wconf 78' lang='grc' dir='ltr'><strong><em>ἑτέροις</em></strong></span> <span class='ocrx_word' id='word_1_223' title='bbox 937 2759 1187 2844; x_wconf 81' lang='grc' dir='ltr'><strong><em>δοκιμασθεισιν</em></strong></span> <span class='ocrx_word' id='word_1_224' title='bbox 1214 2749 1277 2842; x_wconf 87' lang='grc' dir='ltr'><strong><em>ήδη</em></strong></span> <span class='ocrx_word' id='word_1_225' title='bbox 1302 2761 1357 2824; x_wconf 86' lang='grc' dir='ltr'><strong><em>καί</em></strong></span> <span class='ocrx_word' id='word_1_226' title='bbox 1379 2763 1565 2842; x_wconf 84' lang='grc' dir='ltr'><strong><em>κατωρθω-</em></strong></span> 
     </span>
     <span class='ocr_line' id='line_1_24' title="bbox 259 2848 1568 2942; baseline 0.002 -22"><span class='ocrx_word' id='word_1_227' title='bbox 259 2848 357 2922; x_wconf 91' lang='grc' dir='ltr'><strong><em>κόσιν</em></strong></span> <span class='ocrx_word' id='word_1_228' title='bbox 380 2851 521 2940; x_wconf 88' lang='grc' dir='ltr'><strong><em>άριστον</em></strong></span> <span class='ocrx_word' id='word_1_229' title='bbox 541 2849 628 2940; x_wconf 90' lang='grc' dir='ltr'><strong><em>πρός</em></strong></span> <span class='ocrx_word' id='word_1_230' title='bbox 650 2880 687 2923; x_wconf 88' lang='grc' dir='ltr'><strong><em>τε</em></strong></span> <span class='ocrx_word' id='word_1_231' title='bbox 710 2858 771 2942; x_wconf 81' lang='grc' dir='ltr'><strong><em>τῆς</em></strong></span> <span class='ocrx_word' id='word_1_232' title='bbox 793 2849 954 2942; x_wconf 76' lang='grc' dir='ltr'><strong><em>ἀληθείας</em></strong></span> <span class='ocrx_word' id='word_1_233' title='bbox 977 2855 1039 2942; x_wconf 84' lang='grc' dir='ltr'><strong><em>τήν</em></strong></span> <span class='ocrx_word' id='word_1_234' title='bbox 1061 2851 1180 2941; x_wconf 90' lang='grc' dir='ltr'><strong><em>νόησιν</em></strong></span> <span class='ocrx_word' id='word_1_235' title='bbox 1201 2863 1256 2924; x_wconf 81' lang='grc' dir='ltr'><strong><em>καὶ</em></strong></span> <span class='ocrx_word' id='word_1_236' title='bbox 1277 2851 1343 2942; x_wconf 84' lang='grc' dir='ltr'><strong><em>τήν</em></strong></span> <span class='ocrx_word' id='word_1_237' title='bbox 1356 2849 1568 2940; x_wconf 75' lang='grc' dir='ltr'><strong><em>κατάπραζιν</em></strong></span> 
     </span>
     <span class='ocr_line' id='line_1_25' title="bbox 261 2945 1610 3042; baseline 0.003 -20"><span class='ocrx_word' id='word_1_238' title='bbox 261 2957 334 3022; x_wconf 81' lang='grc' dir='ltr'><strong><em>τῶν</em></strong></span> <span class='ocrx_word' id='word_1_239' title='bbox 354 2955 518 3024; x_wconf 78' lang='grc' dir='ltr'><strong><em>ἐντολῶν.</em></strong></span> <span class='ocrx_word' id='word_1_240' title='bbox 565 2947 672 3022; x_wconf 74' lang='grc' dir='ltr'><strong><em>ιιῗίστε</em></strong></span> <span class='ocrx_word' id='word_1_241' title='bbox 695 2945 732 3033; x_wconf 81' lang='grc' dir='ltr'><strong><em>ὃς</em></strong></span> <span class='ocrx_word' id='word_1_242' title='bbox 754 2951 798 3022; x_wconf 85' lang='grc' dir='ltr'><strong><em>άν</em></strong></span> <span class='ocrx_word' id='word_1_243' title='bbox 819 2955 915 3042; x_wconf 85' lang='grc' dir='ltr'><strong><em>ἐσθίη</em></strong></span> <span class='ocrx_word' id='word_1_244' title='bbox 938 2951 1003 3024; x_wconf 87' lang='grc' dir='ltr'><strong><em>τόν</em></strong></span> <span class='ocrx_word' id='word_1_245' title='bbox 1025 2951 1133 3042; x_wconf 90' lang='grc' dir='ltr'><strong><em>άρτσν</em></strong></span> <span class='ocrx_word' id='word_1_246' title='bbox 1153 2961 1209 3024; x_wconf 85' lang='grc' dir='ltr'><strong><em>καί</em></strong></span> <span class='ocrx_word' id='word_1_247' title='bbox 1230 2959 1313 3040; x_wconf 85' lang='grc' dir='ltr'><strong><em>πίνη</em></strong></span> <span class='ocrx_word' id='word_1_248' title='bbox 1336 2950 1378 3024; x_wconf 87' lang='grc' dir='ltr'><strong><em>τὸ</em></strong></span> <span class='ocrx_word' id='word_1_249' title='bbox 1399 2949 1568 3042; x_wconf 93' lang='grc' dir='ltr'><strong><em>ποτήριον</em></strong></span> <span class='ocrx_word' id='word_1_250' title='bbox 1592 2973 1610 3026; x_wconf 76' lang='lat'><em>8</em></span> 
     </span>
    </p>

    <p class='ocr_par' dir='ltr' id='par_1_9' title="bbox 207 3047 1673 3540">
     <span class='ocr_line' id='line_1_26' title="bbox 207 3047 1573 3142; baseline 0.001 -22"><span class='ocrx_word' id='word_1_251' title='bbox 207 3069 242 3120; x_wconf 76' lang='lat'>·.&#39;.&#39;›</span> <span class='ocrx_word' id='word_1_252' title='bbox 261 3057 324 3122; x_wconf 91' lang='grc' dir='ltr'><strong><em>τοῦ</em></strong></span> <span class='ocrx_word' id='word_1_253' title='bbox 344 3059 464 3140; x_wconf 89' lang='grc' dir='ltr'><strong><em>κυρίου</em></strong></span> <span class='ocrx_word' id='word_1_254' title='bbox 486 3047 643 3138; x_wconf 76' lang='grc' dir='ltr'><strong><em>άναξίως,</em></strong></span> <span class='ocrx_word' id='word_1_255' title='bbox 666 3053 784 3139; x_wconf 82' lang='grc' dir='ltr'><strong><em>ἔνοχος</em></strong></span> <span class='ocrx_word' id='word_1_256' title='bbox 807 3055 899 3123; x_wconf 84' lang='grc' dir='ltr'><strong><em>ἔσται</em></strong></span> <span class='ocrx_word' id='word_1_257' title='bbox 922 3057 986 3124; x_wconf 88' lang='grc' dir='ltr'><strong><em>τοῦ</em></strong></span> <span class='ocrx_word' id='word_1_258' title='bbox 1008 3051 1166 3141; x_wconf 79' lang='grc' dir='ltr'><strong><em>σώματος</em></strong></span> <span class='ocrx_word' id='word_1_259' title='bbox 1187 3060 1243 3124; x_wconf 84' lang='grc' dir='ltr'><strong><em>καί</em></strong></span> <span class='ocrx_word' id='word_1_260' title='bbox 1266 3059 1328 3124; x_wconf 90' lang='grc' dir='ltr'><strong><em>τοῦ</em></strong></span> <span class='ocrx_word' id='word_1_261' title='bbox 1350 3057 1491 3142; x_wconf 85' lang='grc' dir='ltr'><strong><em>αίματος</em></strong></span> <span class='ocrx_word' id='word_1_262' title='bbox 1511 3057 1573 3123; x_wconf 89' lang='grc' dir='ltr'><strong><em>τοῦ</em></strong></span> 
     </span>
     <span class='ocr_line' id='line_1_27' title="bbox 259 3147 1573 3240; baseline 0 -20"><span class='ocrx_word' id='word_1_263' title='bbox 259 3157 386 3236; x_wconf 86' lang='grc' dir='ltr'><strong><em>κυρίου.</em></strong></span> <span class='ocrx_word' id='word_1_264' title='bbox 430 3153 639 3240; x_wconf 86' lang='grc' dir='ltr'><strong><em>δοκιμαζέτω</em></strong></span> <span class='ocrx_word' id='word_1_265' title='bbox 671 3155 706 3220; x_wconf 88' lang='grc' dir='ltr'><strong><em>δέ</em></strong></span> <span class='ocrx_word' id='word_1_266' title='bbox 738 3149 925 3238; x_wconf 80' lang='grc' dir='ltr'><strong><em>ἄνθρωπος</em></strong></span> <span class='ocrx_word' id='word_1_267' title='bbox 956 3151 1080 3224; x_wconf 75' lang='grc' dir='ltr'><strong><em>ἑαυτὸν</em></strong></span> <span class='ocrx_word' id='word_1_268' title='bbox 1109 3157 1164 3222; x_wconf 83' lang='grc' dir='ltr'><strong><em>καί</em></strong></span> <span class='ocrx_word' id='word_1_269' title='bbox 1187 3147 1300 3235; x_wconf 88' lang='grc' dir='ltr'><strong><em>οῦτως</em></strong></span> <span class='ocrx_word' id='word_1_270' title='bbox 1322 3158 1359 3224; x_wconf 85' lang='grc' dir='ltr'><strong><em>ἐκ</em></strong></span> <span class='ocrx_word' id='word_1_271' title='bbox 1381 3159 1444 3224; x_wconf 90' lang='grc' dir='ltr'><strong><em>τοῦ</em></strong></span> <span class='ocrx_word' id='word_1_272' title='bbox 1466 3151 1573 3240; x_wconf 84' lang='grc' dir='ltr'><strong><em>άρτου</em></strong></span> 
     </span>
     <span class='ocr_line' id='line_1_28' title="bbox 260 3244 1646 3339; baseline 0.006 -19"><span class='ocrx_word' id='word_1_273' title='bbox 260 3253 406 3320; x_wconf 83' lang='grc' dir='ltr'><strong><em>ἐσθιέτω</em></strong></span> <span class='ocrx_word' id='word_1_274' title='bbox 433 3256 488 3319; x_wconf 81' lang='grc' dir='ltr'><strong><em>καὶ</em></strong></span> <span class='ocrx_word' id='word_1_275' title='bbox 517 3253 554 3321; x_wconf 88' lang='grc' dir='ltr'><strong><em>ἐκ</em></strong></span> <span class='ocrx_word' id='word_1_276' title='bbox 581 3255 644 3320; x_wconf 90' lang='grc' dir='ltr'><strong><em>τοῦ</em></strong></span> <span class='ocrx_word' id='word_1_277' title='bbox 670 3255 840 3339; x_wconf 89' lang='grc' dir='ltr'><strong><em>ποτηρίου</em></strong></span> <span class='ocrx_word' id='word_1_278' title='bbox 861 3256 1019 3320; x_wconf 85' lang='grc' dir='ltr'><strong><em>πινέτω.ι</em></strong></span> <span class='ocrx_word' id='word_1_279' title='bbox 1066 3261 1267 3324; x_wconf 74' lang='grc' dir='ltr'><strong><em>σκοπεῖσθαι</em></strong></span> <span class='ocrx_word' id='word_1_280' title='bbox 1289 3244 1352 3323; x_wconf 86' lang='grc' dir='ltr'><strong><em>οῦν</em></strong></span> <span class='ocrx_word' id='word_1_281' title='bbox 1374 3247 1571 3326; x_wconf 90' lang='grc' dir='ltr'><strong><em>άκὸλουθον</em></strong></span> <span class='ocrx_word' id='word_1_282' title='bbox 1590 3275 1646 3334; x_wconf 67' lang='lat' dir='ltr'><strong><em>cm</em></strong></span> 
     </span>
     <span class='ocr_line' id='line_1_29' title="bbox 260 3347 1673 3442; baseline 0 -24"><span class='ocrx_word' id='word_1_283' title='bbox 260 3347 305 3420; x_wconf 88' lang='grc' dir='ltr'><strong><em>άν</em></strong></span> <span class='ocrx_word' id='word_1_284' title='bbox 325 3351 376 3438; x_wconf 82' lang='grc' dir='ltr'><strong><em>εἴη</em></strong></span> <span class='ocrx_word' id='word_1_285' title='bbox 400 3355 451 3438; x_wconf 84' lang='grc' dir='ltr'><strong><em>τῷ</em></strong></span> <span class='ocrx_word' id='word_1_286' title='bbox 474 3349 539 3438; x_wconf 83' lang='grc' dir='ltr'><strong><em>τὴν</em></strong></span> <span class='ocrx_word' id='word_1_287' title='bbox 557 3355 562 3438; x_wconf 91' lang='grc' dir='ltr'>Ι</span> <span class='ocrx_word' id='word_1_288' title='bbox 582 3347 752 3436; x_wconf 81' lang='grc' dir='ltr'><strong><em>ω’φέλειαν</em></strong></span> <span class='ocrx_word' id='word_1_289' title='bbox 774 3357 848 3422; x_wconf 80' lang='grc' dir='ltr'><strong><em>τῶν</em></strong></span> <span class='ocrx_word' id='word_1_290' title='bbox 870 3358 1016 3440; x_wconf 93' lang='grc' dir='ltr'><strong><em>πλησίον</em></strong></span> <span class='ocrx_word' id='word_1_291' title='bbox 1031 3353 1287 3442; x_wconf 74' lang='grc' dir='ltr'><strong><em>ἐπανῃρημένη),</em></strong></span> <span class='ocrx_word' id='word_1_292' title='bbox 1311 3358 1340 3422; x_wconf 84' lang='grc' dir='ltr'><strong><em>εί</em></strong></span> <span class='ocrx_word' id='word_1_293' title='bbox 1354 3351 1399 3442; x_wconf 84' lang='grc' dir='ltr'><strong><em>μή</em></strong></span> <span class='ocrx_word' id='word_1_294' title='bbox 1416 3357 1570 3440; x_wconf 88' lang='grc' dir='ltr'><strong><em>θρασέως</em></strong></span> <span class='ocrx_word' id='word_1_295' title='bbox 1588 3365 1673 3420; x_wconf 71' lang='grc'>3191)</span> 
     </span>
     <span class='ocr_line' id='line_1_30' title="bbox 260 3443 1570 3568; baseline 0.003 -52"><span class='ocrx_word' id='word_1_296' title='bbox 260 3455 317 3518; x_wconf 89' lang='grc' dir='ltr'><strong><em>καί</em></strong></span> <span class='ocrx_word' id='word_1_297' title='bbox 339 3473 428 3520; x_wconf 92' lang='grc' dir='ltr'><strong><em>τισιν</em></strong></span> <span class='ocrx_word' id='word_1_298' title='bbox 451 3443 735 3568; x_wconf 80' lang='grc' dir='ltr'><strong><em>άντιζηλοῦμενος</em></strong></span> <span class='ocrx_word' id='word_1_299' title='bbox 757 3447 967 3540; x_wconf 85' lang='grc' dir='ltr'><strong><em>ἐπεπήδηοεν</em></strong></span> <span class='ocrx_word' id='word_1_300' title='bbox 990 3457 1032 3538; x_wconf 77' lang='grc' dir='ltr'><strong><em>τῇ</em></strong></span> <span class='ocrx_word' id='word_1_301' title='bbox 1054 3455 1260 3542; x_wconf 83' lang='grc' dir='ltr'><strong><em>διδασκαλίᾳ,</em></strong></span> <span class='ocrx_word' id='word_1_302' title='bbox 1283 3454 1312 3520; x_wconf 89' lang='grc' dir='ltr'><strong><em>εί</em></strong></span> <span class='ocrx_word' id='word_1_303' title='bbox 1325 3451 1370 3540; x_wconf 87' lang='grc' dir='ltr'><strong><em>μή</em></strong></span> <span class='ocrx_word' id='word_1_304' title='bbox 1387 3449 1570 3536; x_wconf 75' lang='grc' dir='ltr'><strong><em>φιλόδοξος</em></strong></span> 
     </span>
    </p>

    <p class='ocr_par' dir='ltr' id='par_1_10' title="bbox 205 3543 1570 4036">
     <span class='ocr_line' id='line_1_31' title="bbox 205 3543 1570 3639; baseline 0 -23"><span class='ocrx_word' id='word_1_305' title='bbox 205 3565 242 3616; x_wconf 75' lang='grc' dir='ltr'><strong><em>3ο</em></strong></span> <span class='ocrx_word' id='word_1_306' title='bbox 264 3543 284 3636; x_wconf 86' lang='grc' dir='ltr'><strong><em>ή</em></strong></span> <span class='ocrx_word' id='word_1_307' title='bbox 305 3556 472 3620; x_wconf 87' lang='grc' dir='ltr'><strong><em>κοινωνία</em></strong></span> <span class='ocrx_word' id='word_1_308' title='bbox 493 3554 556 3619; x_wconf 91' lang='grc' dir='ltr'><strong><em>τοῦ</em></strong></span> <span class='ocrx_word' id='word_1_309' title='bbox 578 3545 691 3637; x_wconf 90' lang='grc' dir='ltr'><strong><em>λόγου,</em></strong></span> <span class='ocrx_word' id='word_1_310' title='bbox 714 3555 744 3620; x_wconf 85' lang='grc' dir='ltr'><strong><em>εί</em></strong></span> <span class='ocrx_word' id='word_1_311' title='bbox 766 3555 894 3622; x_wconf 89' lang='grc' dir='ltr'><strong><em>τοῦτον</em></strong></span> <span class='ocrx_word' id='word_1_312' title='bbox 915 3547 1023 3638; x_wconf 89' lang='grc' dir='ltr'><strong><em>μόνον</em></strong></span> <span class='ocrx_word' id='word_1_313' title='bbox 1044 3555 1235 3638; x_wconf 90' lang='grc' dir='ltr'><strong><em>καρποῦται</em></strong></span> <span class='ocrx_word' id='word_1_314' title='bbox 1257 3549 1320 3622; x_wconf 88' lang='grc' dir='ltr'><strong><em>τὸν</em></strong></span> <span class='ocrx_word' id='word_1_315' title='bbox 1342 3547 1481 3639; x_wconf 85' lang='grc' dir='ltr'><strong><em>μισθόν,</em></strong></span> <span class='ocrx_word' id='word_1_316' title='bbox 1505 3547 1570 3637; x_wconf 79' lang='grc' dir='ltr'><strong><em>τήν</em></strong></span> 
     </span>
     <span class='ocr_line' id='line_1_32' title="bbox 259 3643 1569 3768; baseline 0.001 -52"><span class='ocrx_word' id='word_1_317' title='bbox 259 3655 433 3736; x_wconf 89' lang='grc' dir='ltr'><strong><em>σωτηρίαν</em></strong></span> <span class='ocrx_word' id='word_1_318' title='bbox 454 3654 528 3720; x_wconf 81' lang='grc' dir='ltr'><strong><em>τῶν</em></strong></span> <span class='ocrx_word' id='word_1_319' title='bbox 550 3646 758 3732; x_wconf 77' lang='grc' dir='ltr'><strong><em>ἐπαϊόντων,</em></strong></span> <span class='ocrx_word' id='word_1_320' title='bbox 789 3644 831 3720; x_wconf 90' lang='grc' dir='ltr'><strong><em>τό</em></strong></span> <span class='ocrx_word' id='word_1_321' title='bbox 854 3675 891 3718; x_wconf 88' lang='grc' dir='ltr'><strong><em>τε</em></strong></span> <span class='ocrx_word' id='word_1_322' title='bbox 912 3647 957 3738; x_wconf 86' lang='grc' dir='ltr'><strong><em>μή</em></strong></span> <span class='ocrx_word' id='word_1_323' title='bbox 978 3648 1065 3734; x_wconf 89' lang='grc' dir='ltr'><strong><em>πρὸς</em></strong></span> <span class='ocrx_word' id='word_1_324' title='bbox 1090 3645 1189 3738; x_wconf 86' lang='grc' dir='ltr'><strong><em>χάριν</em></strong></span> <span class='ocrx_word' id='word_1_325' title='bbox 1210 3643 1339 3738; x_wconf 77' lang='grc' dir='ltr'><strong><em>ὁμιλεῖν</em></strong></span> <span class='ocrx_word' id='word_1_326' title='bbox 1361 3653 1569 3768; x_wconf 67' lang='grc' dir='ltr'><strong><em>δωροδοκίας</em></strong></span> 
     </span>
     <span class='ocr_line' id='line_1_33' title="bbox 260 3739 1604 3870; baseline 0 -54"><span class='ocrx_word' id='word_1_327' title='bbox 260 3775 295 3818; x_wconf 86' lang='grc' dir='ltr'><strong><em>τε</em></strong></span> <span class='ocrx_word' id='word_1_328' title='bbox 325 3739 367 3818; x_wconf 80' lang='grc' dir='ltr'><strong><em>τεῦ</em></strong></span> <span class='ocrx_word' id='word_1_329' title='bbox 392 3745 554 3836; x_wconf 80' lang='grc' dir='ltr'><strong><em>διαβολήν</em></strong></span> <span class='ocrx_word' id='word_1_330' title='bbox 581 3743 841 3836; x_wconf 48' lang='grc' dir='ltr'><strong><em>διαπέφευγεν(</em></strong></span> <span class='ocrx_word' id='word_1_331' title='bbox 822 3779 841 3818; x_wconf 96' lang='grc' dir='ltr'><strong><em>ο</em></strong></span> <span class='ocrx_word' id='word_1_332' title='bbox 864 3745 910 3819; x_wconf 84' lang='grc' dir='ltr'><strong><em>δι’</em></strong></span> <span class='ocrx_word' id='word_1_333' title='bbox 932 3743 1190 3837; x_wconf 86' lang='grc' dir='ltr'><strong><em>ῦπομνημάτων</em></strong></span> <span class='ocrx_word' id='word_1_334' title='bbox 1212 3755 1342 3819; x_wconf 80' lang='grc' dir='ltr'><strong><em>λαλῶν</em></strong></span> <span class='ocrx_word' id='word_1_335' title='bbox 1387 3739 1484 3818; x_wconf 76' lang='grc' dir='ltr'><strong><em>νοῦτε</em></strong></span> <span class='ocrx_word' id='word_1_336' title='bbox 1496 3743 1604 3870; x_wconf 52' lang='lat' dir='ltr'><strong><em>,Yffl</em></strong></span> 
     </span>
     <span class='ocr_line' id='line_1_34' title="bbox 258 3841 1567 3963; baseline -0.001 -46"><span class='ocrx_word' id='word_1_337' title='bbox 258 3873 343 3918; x_wconf 90' lang='grc' dir='ltr'><strong><em>ποτε</em></strong></span> <span class='ocrx_word' id='word_1_338' title='bbox 363 3850 402 3917; x_wconf 83' lang='grc' dir='ltr'><strong><em>ἐν</em></strong></span> <span class='ocrx_word' id='word_1_339' title='bbox 424 3843 517 3963; x_wconf 83' lang='grc' dir='ltr'><strong><em>λόγῳ</em></strong></span> <span class='ocrx_word' id='word_1_340' title='bbox 539 3853 716 3930; x_wconf 85' lang='grc' dir='ltr'><strong><em>κολακείας</em></strong></span> <span class='ocrx_word' id='word_1_341' title='bbox 743 3845 964 3937; x_wconf 83' lang='grc' dir='ltr'><strong><em>ἐγενήθημεν,</em></strong></span> <span class='ocrx_word' id='word_1_342' title='bbox 994 3849 1113 3930; x_wconf 82' lang='grc' dir='ltr'><strong><em>καθώς</em></strong></span> <span class='ocrx_word' id='word_1_343' title='bbox 1140 3851 1280 3930; x_wconf 83' lang='grc' dir='ltr'><strong><em>οἲδατε,ι</em></strong></span> <span class='ocrx_word' id='word_1_344' title='bbox 1319 3841 1461 3938; x_wconf 72' lang='grc' dir='ltr'><strong><em>φησλν“</em></strong></span> <span class='ocrx_word' id='word_1_345' title='bbox 1444 3877 1462 3918; x_wconf 94' lang='grc' dir='ltr'><strong><em>ο</em></strong></span> <span class='ocrx_word' id='word_1_346' title='bbox 1485 3843 1567 3918; x_wconf 89' lang='grc' dir='ltr'><strong><em>άπά-</em></strong></span> 
     </span>
     <span class='ocr_line' id='line_1_35' title="bbox 257 3939 1567 4036; baseline -0.001 -20"><span class='ocrx_word' id='word_1_347' title='bbox 257 3955 388 4028; x_wconf 91' lang='grc' dir='ltr'><strong><em>στολος,</em></strong></span> <span class='ocrx_word' id='word_1_348' title='bbox 415 3939 512 4016; x_wconf 75' lang='grc' dir='ltr'><strong><em>»οὔτε</em></strong></span> <span class='ocrx_word' id='word_1_349' title='bbox 534 3941 702 4036; x_wconf 81' lang='grc' dir='ltr'><strong><em>προφάσει</em></strong></span> <span class='ocrx_word' id='word_1_350' title='bbox 724 3955 936 4034; x_wconf 76' lang='grc' dir='ltr'><strong><em>πλεονεξίας,</em></strong></span> <span class='ocrx_word' id='word_1_351' title='bbox 963 3946 1045 4029; x_wconf 84' lang='grc' dir='ltr'><strong><em>θεὸς</em></strong></span> <span class='ocrx_word' id='word_1_352' title='bbox 1066 3943 1204 4036; x_wconf 88' lang='grc' dir='ltr'><strong><em>μάρτυς,</em></strong></span> <span class='ocrx_word' id='word_1_353' title='bbox 1227 3939 1307 4020; x_wconf 86' lang='grc' dir='ltr'><strong><em>οῦτε</em></strong></span> <span class='ocrx_word' id='word_1_354' title='bbox 1330 3953 1511 4036; x_wconf 88' lang='grc' dir='ltr'><strong><em>ζητοῦντες</em></strong></span> <span class='ocrx_word' id='word_1_355' title='bbox 1532 3950 1567 4032; x_wconf 75' lang='grc' dir='ltr'><strong><em>ἐξ</em></strong></span> 
     </span>
    </p>
   </div>
   <div class='ocr_carea' id='block_1_3' title="bbox 256 4113 1562 4356">
    <p class='ocr_par' dir='ltr' id='par_1_11' title="bbox 256 4113 1562 4356">
     <span class='ocr_line' id='line_1_36' title="bbox 341 4113 1505 4188; baseline 0 -18"><span class='ocrx_word' id='word_1_356' title='bbox 341 4115 414 4172; x_wconf 77' lang='grc'><strong><em>2-1</em></strong></span> <span class='ocrx_word' id='word_1_357' title='bbox 428 4115 488 4170; x_wconf 74' lang='lat' dir='ltr'><strong>Gal.</strong></span> <span class='ocrx_word' id='word_1_358' title='bbox 498 4117 523 4182; x_wconf 86' lang='grc' dir='ltr'><strong><em>θ,</em></strong></span> <span class='ocrx_word' id='word_1_359' title='bbox 533 4115 570 4170; x_wconf 87' lang='grc'><strong><em>81</em></strong></span> <span class='ocrx_word' id='word_1_360' title='bbox 635 4117 654 4172; x_wconf 85' lang='grc' dir='ltr'><strong><em>θ</em></strong></span> <span class='ocrx_word' id='word_1_361' title='bbox 668 4113 708 4182; x_wconf 86' lang='grc' dir='ltr'><strong><em>είς</em></strong></span> <span class='ocrx_word' id='word_1_362' title='bbox 720 4113 844 4188; x_wconf 80' lang='grc' dir='ltr'><strong><em>αέρανδν</em></strong></span> <span class='ocrx_word' id='word_1_363' title='bbox 857 4124 1026 4187; x_wconf 84' lang='grc' dir='ltr'><strong><em>πτεροῦνται</em></strong></span> <span class='ocrx_word' id='word_1_364' title='bbox 1040 4117 1095 4186; x_wconf 82' lang='lat' dir='ltr'>vgl.</span> <span class='ocrx_word' id='word_1_365' title='bbox 1106 4117 1187 4172; x_wconf 75' lang='lat' dir='ltr'>Plato</span> <span class='ocrx_word' id='word_1_366' title='bbox 1198 4117 1311 4172; x_wconf 83' lang='lat' dir='ltr'><strong>Phaedr.</strong></span> <span class='ocrx_word' id='word_1_367' title='bbox 1324 4135 1349 4188; x_wconf 87' lang='lat' dir='ltr'><strong><em>p.</em></strong></span> <span class='ocrx_word' id='word_1_368' title='bbox 1362 4119 1413 4174; x_wconf 80' lang='grc'><strong><em>218</em></strong></span> <span class='ocrx_word' id='word_1_369' title='bbox 1425 4115 1505 4170; x_wconf 63' lang='lat' dir='ltr'><strong><em>B-Fa</em></strong></span> 
     </span>
     <span class='ocr_line' id='line_1_37' title="bbox 257 4199 1561 4266; baseline -0.002 -10"><span class='ocrx_word' id='word_1_370' title='bbox 257 4199 370 4256; x_wconf 74' lang='lat'><em>16-12</em></span> <span class='ocrx_word' id='word_1_371' title='bbox 390 4199 634 4265; x_wconf 82' lang='grc' dir='ltr'><strong><em>1111οτ.6,1,101</em></strong></span> <span class='ocrx_word' id='word_1_372' title='bbox 713 4201 825 4258; x_wconf 79' lang='grc' dir='ltr'>12-ίὸ</span> <span class='ocrx_word' id='word_1_373' title='bbox 845 4201 937 4256; x_wconf 79' lang='lat' dir='ltr'><strong>I&#39;h&#39;m.</strong></span> <span class='ocrx_word' id='word_1_374' title='bbox 950 4205 974 4266; x_wconf 81' lang='lat'><strong><em>5,</em></strong></span> <span class='ocrx_word' id='word_1_375' title='bbox 987 4203 1017 4256; x_wconf 86' lang='lat'><strong><em>21</em></strong></span> <span class='ocrx_word' id='word_1_376' title='bbox 1105 4201 1219 4260; x_wconf 79' lang='grc'>21-27</span> <span class='ocrx_word' id='word_1_377' title='bbox 1238 4203 1249 4256; x_wconf 92' lang='lat'>1</span> <span class='ocrx_word' id='word_1_378' title='bbox 1264 4203 1327 4258; x_wconf 84' lang='lat' dir='ltr'>Kor.</span> <span class='ocrx_word' id='word_1_379' title='bbox 1341 4205 1380 4266; x_wconf 89' lang='grc'><strong><em>11,</em></strong></span> <span class='ocrx_word' id='word_1_380' title='bbox 1393 4201 1450 4256; x_wconf 78' lang='grc'>271·</span> <span class='ocrx_word' id='word_1_381' title='bbox 1524 4199 1561 4256; x_wconf 86' lang='grc'><strong><em>111</em></strong></span> 
     </span>
     <span class='ocr_line' id='line_1_38' title="bbox 256 4281 1562 4356; baseline 0.002 -18"><span class='ocrx_word' id='word_1_382' title='bbox 256 4283 329 4356; x_wconf 81' lang='grc' dir='ltr'><strong><em>πρὸς</em></strong></span> <span class='ocrx_word' id='word_1_383' title='bbox 352 4281 437 4356; x_wconf 84' lang='grc' dir='ltr'><strong><em>χάριν</em></strong></span> <span class='ocrx_word' id='word_1_384' title='bbox 463 4281 572 4352; x_wconf 82' lang='grc' dir='ltr'><strong><em>δμιλεῑν</em></strong></span> <span class='ocrx_word' id='word_1_385' title='bbox 597 4283 652 4354; x_wconf 79' lang='lat' dir='ltr'><strong>vgl.</strong></span> <span class='ocrx_word' id='word_1_386' title='bbox 680 4285 760 4340; x_wconf 80' lang='lat' dir='ltr'>Plato</span> <span class='ocrx_word' id='word_1_387' title='bbox 783 4285 868 4356; x_wconf 75' lang='lat' dir='ltr'><strong>Gorg.</strong></span> <span class='ocrx_word' id='word_1_388' title='bbox 888 4305 912 4356; x_wconf 89' lang='lat' dir='ltr'><strong><em>p.</em></strong></span> <span class='ocrx_word' id='word_1_389' title='bbox 931 4287 979 4342; x_wconf 82' lang='lat'><strong><em>521</em></strong></span> <span class='ocrx_word' id='word_1_390' title='bbox 997 4291 1022 4342; x_wconf 76' lang='lat' dir='ltr'>A</span> <span class='ocrx_word' id='word_1_391' title='bbox 1111 4287 1219 4342; x_wconf 75' lang='lat'>82—8.</span> <span class='ocrx_word' id='word_1_392' title='bbox 1238 4289 1264 4350; x_wconf 86' lang='grc' dir='ltr'><strong><em>θ,</em></strong></span> <span class='ocrx_word' id='word_1_393' title='bbox 1283 4288 1302 4342; x_wconf 83' lang='grc' dir='ltr'><strong><em>θ</em></strong></span> <span class='ocrx_word' id='word_1_394' title='bbox 1321 4289 1331 4341; x_wconf 97' lang='lat' dir='ltr'>l</span> <span class='ocrx_word' id='word_1_395' title='bbox 1347 4287 1439 4342; x_wconf 82' lang='grc' dir='ltr'><strong><em>Τίιιιει.</em></strong></span> <span class='ocrx_word' id='word_1_396' title='bbox 1455 4287 1480 4354; x_wconf 87' lang='grc'><strong><em>2,</em></strong></span> <span class='ocrx_word' id='word_1_397' title='bbox 1496 4289 1562 4340; x_wconf 77' lang='grc' dir='ltr'><strong><em>ῦ-ἳ</em></strong></span> 
     </span>
    </p>
   </div>
   <div class='ocr_carea' id='block_1_4' title="bbox 253 4417 1562 4728">
    <p class='ocr_par' dir='ltr' id='par_1_12' title="bbox 253 4417 1562 4728">
     <span class='ocr_line' id='line_1_39' title="bbox 342 4417 1562 4492; baseline -0.001 -16"><span class='ocrx_word' id='word_1_398' title='bbox 342 4419 357 4476; x_wconf 88' lang='grc'>1</span> <span class='ocrx_word' id='word_1_399' title='bbox 374 4417 423 4488; x_wconf 81' lang='grc' dir='ltr'><strong><em>ήδη</em></strong></span> <span class='ocrx_word' id='word_1_400' title='bbox 432 4417 511 4474; x_wconf 78' lang='lat' dir='ltr'>Sehw</span> <span class='ocrx_word' id='word_1_401' title='bbox 524 4419 540 4488; x_wconf 81' lang='grc' dir='ltr'><strong><em>ή</em></strong></span> <span class='ocrx_word' id='word_1_402' title='bbox 553 4418 582 4475; x_wconf 74' lang='grc' dir='ltr'><strong><em>δὲ</em></strong></span> <span class='ocrx_word' id='word_1_403' title='bbox 595 4419 616 4474; x_wconf 84' lang='lat' dir='ltr'>L</span> <span class='ocrx_word' id='word_1_404' title='bbox 691 4421 728 4476; x_wconf 81' lang='grc'><strong><em>12</em></strong></span> <span class='ocrx_word' id='word_1_405' title='bbox 741 4419 814 4489; x_wconf 70' lang='grc' dir='ltr'><strong><em>ὑμᾶς</em></strong></span> <span class='ocrx_word' id='word_1_406' title='bbox 826 4423 860 4475; x_wconf 84' lang='lat' dir='ltr'><strong><em>L¹</em></strong></span> <span class='ocrx_word' id='word_1_407' title='bbox 873 4421 947 4490; x_wconf 78' lang='grc' dir='ltr'><strong><em>ημᾶς</em></strong></span> <span class='ocrx_word' id='word_1_408' title='bbox 958 4421 994 4474; x_wconf 76' lang='lat' dir='ltr'><strong><em>L·</em></strong></span> <span class='ocrx_word' id='word_1_409' title='bbox 1076 4421 1113 4478; x_wconf 76' lang='lat'><strong><em>16</em></strong></span> <span class='ocrx_word' id='word_1_410' title='bbox 1127 4421 1216 4478; x_wconf 77' lang='grc' dir='ltr'><strong><em>τρίτοι</em></strong></span> <span class='ocrx_word' id='word_1_411' title='bbox 1229 4425 1265 4492; x_wconf 81' lang='lat' dir='ltr'><strong><em>Sy</em></strong></span> <span class='ocrx_word' id='word_1_412' title='bbox 1277 4429 1362 4478; x_wconf 83' lang='grc' dir='ltr'><strong><em>τοῦτο</em></strong></span> <span class='ocrx_word' id='word_1_413' title='bbox 1377 4423 1396 4476; x_wconf 83' lang='lat' dir='ltr'>L</span> <span class='ocrx_word' id='word_1_414' title='bbox 1476 4419 1513 4477; x_wconf 78' lang='lat'><strong><em>18</em></strong></span> <span class='ocrx_word' id='word_1_415' title='bbox 1525 4422 1562 4476; x_wconf 87' lang='grc' dir='ltr'><strong><em>δί-</em></strong></span> 
     </span>
     <span class='ocr_line' id='line_1_40' title="bbox 254 4491 1562 4576; baseline 0.002 -20"><span class='ocrx_word' id='word_1_416' title='bbox 254 4520 344 4568; x_wconf 84' lang='grc' dir='ltr'><strong><em>καιος.</em></strong></span> <span class='ocrx_word' id='word_1_417' title='bbox 366 4491 394 4572; x_wconf 78' lang='grc' dir='ltr'><strong><em>ή]</em></strong></span> <span class='ocrx_word' id='word_1_418' title='bbox 411 4503 520 4568; x_wconf 81' lang='grc' dir='ltr'><strong><em>δίκαιος</em></strong></span> <span class='ocrx_word' id='word_1_419' title='bbox 538 4494 606 4574; x_wconf 68' lang='grc' dir='ltr'><strong><em>ηἸι</em></strong></span> <span class='ocrx_word' id='word_1_420' title='bbox 687 4507 726 4562; x_wconf 82' lang='grc'><strong><em>28</em></strong></span> <span class='ocrx_word' id='word_1_421' title='bbox 749 4500 785 4560; x_wconf 81' lang='grc' dir='ltr'><strong><em>ἂν</em></strong></span> <span class='ocrx_word' id='word_1_422' title='bbox 803 4501 846 4576; x_wconf 76' lang='grc' dir='ltr'><strong><em>εἴη</em></strong></span> <span class='ocrx_word' id='word_1_423' title='bbox 864 4507 895 4560; x_wconf 69' lang='lat' dir='ltr'><strong><em>st</em></strong></span> <span class='ocrx_word' id='word_1_424' title='bbox 915 4500 1013 4576; x_wconf 72' lang='grc' dir='ltr'><strong><em>δραίι</em></strong></span> <span class='ocrx_word' id='word_1_425' title='bbox 1093 4503 1392 4576; x_wconf 81' lang='grc' dir='ltr'><strong><em>τῶ-ἐτιανηιρημένω</em></strong></span> <span class='ocrx_word' id='word_1_426' title='bbox 1410 4505 1444 4560; x_wconf 82' lang='lat' dir='ltr'><strong><em>L¹</em></strong></span> <span class='ocrx_word' id='word_1_427' title='bbox 1471 4511 1562 4560; x_wconf 82' lang='grc' dir='ltr'><strong><em>τῶν-</em></strong></span> 
     </span>
     <span class='ocr_line' id='line_1_41' title="bbox 253 4583 1497 4662; baseline 0.005 -24"><span class='ocrx_word' id='word_1_428' title='bbox 253 4583 490 4658; x_wconf 79' lang='grc' dir='ltr'><strong><em>έπιινηιρημένων</em></strong></span> <span class='ocrx_word' id='word_1_429' title='bbox 507 4587 543 4642; x_wconf 77' lang='lat' dir='ltr'><strong><em>L‘</em></strong></span> <span class='ocrx_word' id='word_1_430' title='bbox 563 4584 864 4659; x_wconf 72' lang='grc' dir='ltr'><strong><em>τὸν-ἐπανῃρημένον</em></strong></span> <span class='ocrx_word' id='word_1_431' title='bbox 882 4589 972 4660; x_wconf 76' lang='grc' dir='ltr'><strong><em>Πεγευ</em></strong></span> <span class='ocrx_word' id='word_1_432' title='bbox 1052 4591 1087 4646; x_wconf 81' lang='grc'><strong><em>81</em></strong></span> <span class='ocrx_word' id='word_1_433' title='bbox 1110 4591 1251 4662; x_wconf 83' lang='grc' dir='ltr'><strong><em>σωτηρίαν</em></strong></span> <span class='ocrx_word' id='word_1_434' title='bbox 1269 4591 1305 4660; x_wconf 80' lang='lat' dir='ltr'><strong><em>Sy</em></strong></span> <span class='ocrx_word' id='word_1_435' title='bbox 1324 4589 1497 4660; x_wconf 68' lang='grc' dir='ltr'><strong><em>σωτήριονίε</em></strong></span> 
     </span>
     <span class='ocr_line' id='line_1_42' title="bbox 253 4667 566 4728; baseline 0.003 -3"><span class='ocrx_word' id='word_1_436' title='bbox 253 4667 414 4726; x_wconf 80' lang='grc' dir='ltr'><strong><em>ἐπαίδντων</em></strong></span> <span class='ocrx_word' id='word_1_437' title='bbox 432 4701 445 4726; x_wconf 73' lang='grc' dir='ltr'><strong><em>ε</em></strong></span> <span class='ocrx_word' id='word_1_438' title='bbox 461 4701 473 4726; x_wconf 73' lang='grc' dir='ltr'><strong><em>ι</em></strong></span> <span class='ocrx_word' id='word_1_439' title='bbox 487 4671 566 4728; x_wconf 78' lang='lat' dir='ltr'>sehw</span> 
     </span>
    </p>
   </div>
   <div class='ocr_carea' id='block_1_5' title="bbox 0 0 1874 5536">
    <p class='ocr_par' dir='ltr' id='par_1_13' title="bbox 0 0 1874 5536">
     <span class='ocr_line' id='line_1_43' title="bbox 0 0 1874 5536; baseline 0 4"><span class='ocrx_word' id='word_1_440' title='bbox 0 0 1874 5536; x_wconf 95' lang='lat' dir='ltr'><strong><em> </em></strong></span> 
     </span>
    </p>
   </div>
  </div>
 </body>
</html>
