3726 5528
603 526 743 584 Stromata
760 527 806 582 IV.
828 526 1004 600 oap.xvl11.
1025 527 1082 592 113,
1096 527 1203 590 1-117‚
1216 529 1240 580 4.
1504 533 1564 596 299

257 695 376 764 ἐλπίδα
402 695 577 780 κορεσθείς
603 685 752 780 ἥκουσαν
777 690 842 780 τὴν
868 693 1042 782 ἐρωμένην
1062 688 1151 761 κατὰ
1172 686 1213 760 τὸ
1236 695 1443 777 τεταγμένον
1465 693 1564 777 εἴργει

258 793 319 878 τῆς
341 787 483 876 εἰσόδου,
505 787 526 880 ἢ
549 796 584 862 δέ
606 795 800 880 ἐκμαθοῦσα
823 789 864 862 τό
887 789 1026 881 γεγονὸς
1046 785 1168 877 άπῄτει
1183 787 1246 860 τόν
1263 785 1397 878 μισθόν.
1412 795 1467 860 καί
1485 795 1566 877 τῇδέ

257 918 333 972 πως
363 887 448 980 αύτὴ
479 891 544 980 τὴν
574 893 756 979 ἐπιθυμίαν
784 896 834 980 τῷ
856 893 979 979 ἐραστῇ
1001 893 1262 977 πεπληρωκέναι
1284 895 1434 977 λέγουσα.
1480 880 1563 978 ἧκον

258 981 320 1060 οῦν
350 993 405 1061 ἐπί
435 987 499 1060 τόν
529 987 658 1080 κριτήν.
711 988 751 1060 τό
781 985 990 1076 βαλλάντιον
1024 979 1126 1070 οὗτος
1157 993 1220 1060 τοῦ
1249 987 1470 1078 μισθώματος
1501 987 1601 1059 τόνθ

223 1096 436 1164 ονιανίοκον
465 1095 661 1176 προτείνειν
690 1087 860 1172 κελεύσας,
892 1092 929 1160 ἐν
957 1084 1043 1178 ἡλίῳ
1071 1092 1120 1172 δέ,
1152 1085 1216 1176 τὴν
1243 1088 1380 1176 ἑταίραν
1402 1094 1564 1173 λαβέσθαι

257 1195 464 1274 προσέταξεν
492 1194 552 1277 τῆς
572 1195 679 1270 σκιᾶς,
710 1193 896 1278 χαριέντως
923 1193 927 1276 ί
955 1192 1097 1260 εἴδωλον
1118 1185 1340 1276 μισθώματος
1362 1181 1564 1258 ἀποδιδόναι
1581 1197 1666 1254 616Ρ

257 1287 415 1372 κελεύσας
436 1288 582 1361 εἰδώλου
606 1293 810 1377 συμπλοκῆς.

339 1383 549 1476 Ὀνειρώττει
569 1394 631 1476 μὲν
653 1379 714 1458 ούν
736 1417 788 1469 τις
809 1392 1103 1476 συγκαταθεμένης
1125 1392 1167 1474 τῇ
1184 1393 1353 1478 φαντασίᾳ
1369 1391 1431 1474 τῆς
1446 1391 1563 1476 ψυχῆς,
1584 1399 1678 1464 ¹1⁰.l

258 1483 348 1576 ῦπαρ
370 1494 406 1560 δέ
428 1481 626 1574 ὀνειρώττει
648 1481 667 1557 ὁ
689 1483 775 1572 πρὸς
797 1489 981 1572 ἐπιθυμίαν
1002 1491 1150 1572 βλέπων,
1179 1481 1220 1556 ού
1240 1481 1348 1574 μόνον
1369 1481 1417 1568 ώς
1439 1488 1565 1566 ἐκεῖνος

209 1609 240 1660 10
259 1589 369 1674 ἔλεγεν
396 1581 414 1656 ό
442 1591 548 1676 δῆθεν
574 1581 777 1676 γνωστικός,
808 1583 868 1657 ἐὰν
895 1578 961 1676 άμα
988 1593 1030 1673 τῇ
1053 1578 1131 1670 ὄψει
1155 1589 1215 1674 τῆς
1236 1583 1394 1673 γυναικὸς
1416 1581 1564 1672 συλλάβη

257 1681 335 1756 κατ’
359 1689 494 1758 ἔννοιαν
517 1683 581 1774 τὴν
603 1681 738 1774 ὁμιλίαν
760 1691 878 1770 (τοῦτο
901 1684 963 1774 γάρ
990 1681 1053 1774 ἤδη
1080 1685 1179 1772 ἔργον
1200 1687 1293 1754 ἐστίν
1314 1687 1494 1772 ἐπιθυμίας
1516 1681 1564 1766 ώς

257 1789 463 1874 ἐπιθυμίας),
495 1779 573 1857 ἀλλ’
595 1783 656 1855 ἐάν
682 1790 728 1868 είς
753 1781 878 1867 κάλλος
904 1785 1063 1874 σώματος
1084 1789 1193 1872 βλέηιη
1215 1811 1281 1868 τις,
1308 1777 1327 1856 ό
1350 1781 1451 1874 λόγος
1473 1790 1563 1872 φησί,

256 1891 311 1954 καί
334 1881 428 1974 αύτῷ
452 1879 472 1974 ἦ
494 1883 576 1974 σάρξ
598 1885 683 1956 εἶναι
703 1881 782 1956 κατ’
798 1887 982 1974 ἐπιθυμίαν
1004 1883 1086 1972 δόξῃ
1106 1881 1203 1974 καλή,
1226 1889 1394 1970 σαρκικώς
1407 1884 1493 1954 ίδδιν
1507 1889 1562 1954 καί

258 1977 495 2072 άμαρτητικώς
517 1979 563 2054 δι’
587 1974 627 2054 οὗ
650 1981 862 2072 τεθαύμακεν
883 1991 1046 2072 κρίνεται·
1069 1988 1213 2074 ἔμπαλιν
1234 1981 1298 2072 γάρ
1320 1977 1339 2053 ὁ
1362 1977 1407 2052 δι’
1428 1979 1563 2070 ἀγάπην
1581 1995 1599 2050 2

208 2104 240 2156 15
259 2081 324 2171 τὴν
345 2077 454 2172 άγνὴυ
474 2087 702 2170 προσβλέπων
724 2082 764 2154 τό
786 2079 910 2166 κάλλος
933 2080 974 2156 ού
996 2083 1061 2173 τὴν
1082 2080 1188 2172 σάρκα
1214 2078 1355 2172 ἡγεῖται,
1387 2077 1475 2154 άλλά
1498 2079 1563 2170 τὴν

258 2179 370 2270 ψυχὴν
390 2181 507 2272 καλήν,
531 2179 572 2252 τό
594 2187 700 2272 σῶμα,
723 2183 827 2271 οἶμαι,
858 2179 907 2265 ώς
928 2180 1114 2272 ἀνδριάντα
1136 2179 1325 2272 θαυμάσας,
1351 2177 1396 2254 δι’
1420 2172 1460 2252 ού
1482 2178 1562 2252 κάλ-

259 2291 337 2363 λους
358 2285 414 2352 ἐπί
436 2280 500 2352 τὸν
522 2289 680 2370 τεχνίτην
701 2289 756 2354 καί
779 2282 820 2356 τό
844 2277 957 2366 ὄντως
977 2281 1085 2356 καλὸν
1100 2278 1202 2366 αύτὸς
1217 2279 1324 2354 αύτόν
1340 2286 1564 2369 παραπέμπει,

258 2379 427 2468 σύμβολον
458 2375 555 2470 ἅγιον
581 2380 646 2452 τὸν
670 2389 865 2471 χαρακτῆρα
893 2389 954 2472 τῆς
980 2379 1193 2471 δικαιοσύνης
1217 2380 1279 2452 τόν
1301 2379 1475 2468 φωτεινόν
1496 2383 1564 2450 ἐπι-

258 2477 470 2569 δεικνύμενος
493 2499 567 2564 τοίς
588 2485 754 2568 ἐφεστῶσι
777 2489 818 2569 τῇ
841 2478 956 2572 άνύδῳ
979 2478 1145 2570 άγγέλοις,
1167 2479 1208 2552 τό
1229 2497 1348 2570 χρίσμα
1370 2485 1432 2570 τῆς
1454 2474 1564 2566 εύαρε-

208 2599 242 2652 20
259 2575 408 2666 στήσεως
430 2585 528 2670 λέγω,
551 2579 616 2670 τὴν
637 2577 808 2670 ποιότητα
830 2586 891 2670 τῆς
911 2587 1096 2664 διαθέσεως
1111 2579 1176 2670 τὴν
1191 2585 1402 2670 ἐπικειμένην
1419 2585 1459 2666 τῇ
1475 2584 1564 2665 ψυχῇ

258 2674 336 2746 κατ’
368 2679 573 2770 ἐπιχώρησιν
609 2685 672 2752 τοῦ
707 2675 804 2768 άγίου
838 2678 1031 2768 πνεύματος
1065 2687 1288 2769 γεγανωμένη.
1340 2675 1468 2766 ταύτην
1499 2675 1564 2766 τὴν
1584 2691 1680 2758 117,1

259 2775 362 2864 δόξαν
384 2776 448 2867 τὴν
469 2775 688 2868 ἐκλάμψασαν
711 2786 766 2852 ἐπὶ
787 2785 850 2850 τοῦ
870 2780 1059 2866 προσώπου
1074 2785 1246 2862 Μωυσέως
1268 2773 1287 2850 ό
1311 2775 1392 2860 λαός
1414 2773 1474 2865 ούχ
1492 2773 1564 2860 οίός

259 2905 295 2948 τε
319 2867 360 2965 ἦν
381 2884 620 2964 προσβλέπειν,
651 2877 704 2950 διὸ
726 2885 781 2950 καί
806 2875 962 2968 κάλυμμα
985 2875 1149 2968 ἐλάμβανε
1171 2883 1232 2967 τῆς
1254 2873 1354 2966 δόξης
1374 2875 1462 2965 πρός
1484 2875 1564 2958 τούς

258 2983 425 3064 σαρκικώς
447 2983 650 3066 θεωμένους.
687 2978 767 3060 τούς
787 2985 849 3066 μὲν
871 2977 934 3066 γάρ
955 2982 1184 3066 ἐπαγομένους
1206 2974 1284 3048 τινά
1302 2983 1376 3048 τῶν
1390 2981 1600 3066 κοσμικώνθ

206 3093 241 3148 25
257 3085 457 3164 κατέχουσιν
489 3079 521 3146 σί
552 3077 593 3148 τὸ
625 3083 722 3160 τέλος
756 3073 983 3160 ἀπαιτοῦντες
1018 3095 1091 3160 τοὶς
1126 3081 1302 3164 σφετέροις
1336 3081 1564 3164 βαρουμένους

257 3171 397 3257 πάθεσι,
424 3171 486 3246 τόν
508 3179 543 3246 δέ
565 3174 692 3264 γυμνόν
714 3181 775 3265 μίν
797 3183 870 3248 τῶν
891 3173 1165 3250 ὑποπιπτόντων
1185 3184 1234 3266 τῷ
1258 3183 1361 3249 τέλει.
1392 3169 1506 3263 πλήρη
1528 3176 1564 3243 δὲ

259 3274 417 3362 γνώσεως
443 3281 498 3346 καί
526 3279 586 3364 τῆς
612 3279 646 3362 ἐξ
672 3279 781 3364 ἔργων
803 3275 1015 3364 δικαιοσύνης
1037 3271 1271 3364 συνευχόμενοι
1293 3280 1563 3364 παραπέμπουσι,

261 3373 323 3446 τόν
354 3373 460 3462 ἄνδρα
487 3379 549 3444 σὺν
574 3381 630 3446 καί
656 3383 707 3466 τῷ
735 3377 823 3464 ἔργῳ
849 3383 1106 3464 μακαρίσαντες·
1146 3383 1218 3446 »καί
1241 3373 1281 3446 τό
1301 3373 1436 3460 φύλλον
1459 3369 1602 3446 αύτοῦθ

260 3469 321 3546 ούκ
351 3469 633 3563 άπορρυὴσεταιι,
665 3479 728 3545 τοῦ
758 3481 906 3562 ζωτικοῦ
936 3473 1053 3562 ξύλου,
1084 3481 1147 3546 τοῦ
1172 3473 1260 3546 κατὰ
1289 3473 1369 3556 »τὰς
1395 3468 1565 3559 διεξόδους

208 3591 242 3646 30
261 3580 333 3644 τῶν
363 3570 518 3644 ύδάτωνι
553 3579 798 3662 τεθραμμένου·
836 3571 1070 3664 καρποφόροις
1096 3579 1132 3646 δὲ
1154 3569 1173 3644 ό
1196 3579 1324 3656 δίκαιος
1351 3569 1602 3657 άπεικάζεταιλ

260 3677 424 3760 δένδροις,
448 3668 489 3744 ού
509 3669 617 3762 μόνον
638 3691 711 3754 τοῖς
732 3673 820 3744 κατὰ
842 3673 907 3762 τὴν
928 3679 1001 3744 τών
1021 3681 1210 3762 μεταρσίων
1231 3709 1272 3746 ιι
1292 3678 1427 3744 θυσίαν·
1451 3681 1455 3756 ί
1481 3661 1565 3760 ἦσαν
1581 3687 1666 3744 617Ρ

261 3777 295 3844 δέ
316 3769 381 3844 κάν
403 3791 476 3856 ταῖς
499 3781 573 3844 τῶν
594 3779 727 3842 θυσιῶν
748 3792 985 3862 προσαγωγαίς
1005 3772 1098 3862 παρὰ
1118 3779 1169 3862 τῷ
1187 3769 1328 3862 νόμιμοί
1345 3775 1565 3857 τώνίερείων
1619 3801 1625 3810 ·

347 4033 407 4090 λῦί
426 4031 481 4104 vgl.
500 4033 629 4088 Sokratus
646 4033 691 4088 boi
708 4031 1046 4088 LukianVitur.auct.15
1069 4031 1103 4088 οδ
1124 4038 1181 4088 τῶν
1205 4029 1346 4100 σωμάτιον
1364 4028 1483 4101 ἐραστής
1500 4027 1566 4098 εἰμι,

260 4117 311 4186 τὴν
329 4119 420 4188 ψυχὴν
438 4109 600 4188 δἠγοῦμαι
617 4117 714 4186 καλήν.
801 4117 864 4172 lot
888 4117 943 4188 vgl.
962 4117 1097 4172 Maximus
1120 4117 1182 4186 Tyr.
1201 4115 1271 4172 Dius.
1289 4117 1371 4180 26,8
1397 4111 1449 4190 ἐρᾷ
1469 4115 1564 4184 Σπαρ-

260 4199 356 4270 τιάτης
381 4199 453 4274 ἀνὴρ
479 4201 630 4274 μειρακίου
656 4205 838 4270 Λακωνικοῦ,
865 4193 926 4256 ἀλλ’
948 4197 1001 4276 ἐρᾷ
1025 4201 1117 4268 μόνον
1143 4197 1183 4266 ὼς
1210 4197 1376 4272 ἀγάλματος
1401 4202 1498 4254 καλοῦ.

262 4285 375 4342 21-24
395 4285 450 4356 vgl.
468 4285 555 4340 Exod.
573 4289 614 4350 34,
632 4285 689 4340 29f
766 4287 882 4342 28-80
905 4283 959 4354 ng.
979 4283 1051 4339 Psal.
1070 4289 1093 4350 1,
1112 4287 1128 4340 3
1209 4285 1274 4341 Ξθῐ
1294 4301 1326 4338 τα
1345 4283 1465 4352 ζωτικὸν
1482 4279 1567 4349 ξύλον

261 4389 287 4425 ιι.
304 4370 502 4440 καρποφόροις
520 4369 574 4440 vgl.
594 4369 681 4440 Apok.
700 4369 762 4424 Joh.
781 4370 822 4430 22,
840 4370 856 4423 2

346 4603 455 4674 θαύεη
475 4623 543 4661 τοτε.
561 4622 609 4658 τιατ
628 4601 747 4672 αιάιῖιίι
827 4601 1057 4672 ἐβαλάντιονίι
1140 4605 1174 4659 ίλ
1196 4599 1320 4668 αύτδςίι
1402 4601 1482 4658 81·
1502 4623 1516 4648 ι
1537 4601 1569 4654 St

261 4690 374 4760 θυσίαν]
392 4689 475 4760 φύσιν
493 4691 533 4745 Ρο
