3760 5534
630 519 771 576 θίτοιιιοίε
789 521 833 576 ίίί.
857 521 920 592 Cap.
934 519 980 575 IV.
999 521 1040 589 26,
1052 521 1145 588 2-30,
1158 523 1181 576 1.
1500 528 1561 591 209

254 691 315 755 τοῦ
345 687 463 774 τέγους
493 680 616 768 πόρναι
646 679 770 773 ἀνέδην
801 680 1024 772 είσδεχόμεναι
1046 683 1128 768 τοῦς
1149 687 1376 773 βουλομένους
1397 677 1561 768 ἅπαντας.

257 781 364 872 »ύμείς
385 789 421 854 δὲ
444 779 504 872 οῦχ
527 779 640 866 ούτως
662 778 806 872 ἐμάθετε
829 781 892 854 τόν
915 779 1074 871 Χριστόν,
1098 787 1128 854 εί
1147 811 1184 874 γε
1199 779 1306 854 αύτόν
1324 781 1490 874 ἠκούσατε
1504 791 1596 856 καλθ

252 887 288 954 ἐν
319 879 412 972 αύτῷ
443 879 658 972 ἐδιδάχθητε,
689 881 808 965 καθώς
838 885 931 954 ἐστιν
956 879 1099 972 ἀλήθεια
1120 887 1157 955 ἐν
1179 888 1318 974 Χριστῷ
1339 880 1453 974 Ἰησοῦ,
1475 881 1560 958 ἀπο-

252 989 375 1054 θέσθαι
404 977 490 1072 ύμᾶς
519 981 562 1054 τὰ
588 980 675 1053 κατὰ
697 981 762 1072 τὴν
784 985 955 1072 προτέραν
974 991 978 1066 l
998 977 1218 1072 ἀναστροφὴν·
1245 981 1309 1054 τόν
1334 983 1482 1056 παλαιόν
1504 983 1559 1056 ἀν-
1578 997 1656 1054 1888

221 1092 399 1170 5θρωπον
426 1079 490 1154 τόν
516 1077 748 1171 φθειρόμενον
773 1081 861 1154 κατὰ
888 1081 949 1164 τὰς
971 1085 1153 1171 ἐπιθυμίας
1176 1088 1237 1171 τῆς
1258 1078 1404 1172 ἀπάτης·
1440 1079 1596 1156 &vave-8

251 1187 355 1254 οῦσθε
386 1187 422 1252 δέ
455 1189 507 1272 τῷ
538 1179 705 1272 πνεύματι
736 1187 797 1252 τοῦ
828 1180 909 1265 νοός
939 1177 1037 1270 ύμῶν
1062 1187 1116 1252 καί
1145 1179 1329 1254 ἐνδύσασθε
1354 1181 1418 1254 τόν
1439 1181 1560 1255 καινόν

251 1279 444 1368 ἄνθρωπον
467 1279 529 1352 τόν
550 1280 638 1352 κατὰ
661 1279 746 1352 θεὸν
767 1287 953 1352 κτισθέντα
975 1286 1013 1352 ἐν
1034 1278 1230 1370 δικαιοσύνη
1252 1287 1307 1352 καί
1330 1275 1483 1372 ὁσιότητι
1500 1289 1560 1372 τῆς

252 1375 444 1469 ἀληθείας(
477 1379 565 1451 κατὰ
595 1379 661 1472 τὴν
691 1384 891 1470 ἐξομοίωσιν
922 1386 984 1452 τοῦ
1010 1387 1116 1452 θείου.
1162 1389 1314 1470 »γίνεσθε
1335 1372 1399 1452 ούν
1419 1389 1596 1472 μιμηταίί

251 1485 314 1552 τοῦ
334 1485 429 1563 θεοῦ,
454 1477 501 1564 σός
524 1486 627 1551 τέκνα
649 1477 817 1570 ἀγαπητά,
839 1487 895 1552 καὶ
917 1499 1135 1568 περιπατεῖτε
1157 1484 1195 1552 ἐν
1216 1475 1339 1568 ἀγάπη,
1361 1483 1481 1564 καθώς
1502 1489 1558 1553 καὶ

204 1574 269 1652 1οό
293 1577 440 1666 Χριστός
466 1575 638 1670 ἠγάπησεν
663 1576 747 1670 ύμάς
773 1588 829 1650 καί
855 1587 1053 1668 παρέδωκεν
1079 1577 1203 1652 ἑαυτὸν
1228 1576 1312 1666 ύπέρ
1335 1575 1433 1669 ἡμῶν
1453 1605 1558 1668 προσ-

250 1677 363 1766 φορὰν
383 1685 440 1750 καί
462 1687 585 1750 θυσίαν
607 1686 658 1769 τῷ
681 1687 754 1770 θεῷ
777 1687 824 1762 είς
846 1674 953 1770 ύσμόγν
975 1677 1124 1762 εύωδίας.
1167 1687 1310 1768 πορνεία
1331 1684 1367 1750 δὲ
1388 1687 1444 1752 καλ
1465 1685 1594 1752 πᾶσαθ

250 1773 439 1864 ἀκαθαρσία
469 1773 490 1868 ἢ
520 1785 699 1864 πλεονεξία
727 1784 808 1868 μηδὲ
841 1774 1063 1869 ὀνομαζέσθω
1093 1782 1131 1850 ἐν
1162 1775 1253 1868 ύμῖν,
1288 1779 1407 1862 καθοός
1436 1785 1558 1870 πρέπει

249 1872 369 1964 ἀγίοις,
404 1883 460 1947 καί
495 1876 673 1967 αἰσχρότης
706 1885 762 1948 καί
792 1886 1012 1968 μωρολογία(
1069 1885 1124 1950 καί
1155 1878 1217 1967 γὰρ
1249 1873 1317 1950 ἀπὸ
1348 1883 1410 1967 τῆς
1440 1885 1595 1969 φωνὴςθ

249 1972 403 2066 ἁγνεύειν
431 1983 575 2067 μελετᾶν
606 1973 774 2050 διδάσκων
800 1972 819 2049 ό
847 1973 1041 2060 ἀπόστολος
1068 1975 1202 2066 γράφει·
1242 1983 1366 2049 »τοῦτο
1397 1977 1459 2067 γὰρ
1487 1983 1558 2050 ίστε

201 2093 232 2148 15
249 2075 489 2163 γινώσκοντες,
526 2070 581 2148 ότι
616 2082 683 2160 πᾶς
714 2072 859 2164 πόρνοςι
893 2083 948 2148 καὶ
979 2077 1022 2148 τό
1054 2079 1128 2166 ἐέἦς
1159 2077 1224 2160 ἕως
1258 2083 1406 2168 »μᾶλλον
1436 2081 1472 2148 δέ
1501 2085 1557 2150 καί

248 2179 425 2265 ἐλέγχεται

328 2289 447 2382 Ἐρρύη
477 2299 511 2363 δὲ
544 2289 661 2376 αύτοις
687 2291 727 2364 τὸ
755 2287 861 2382 δόγμα
883 2294 919 2362 ἔκ
944 2321 1038 2376 τινος
1065 2289 1279 2384 ἀποκρύφου,
1310 2299 1365 2364 καί
1388 2291 1651 2382 &mapa-221

249 2389 395 2482 θήσομαι
418 2392 483 2482 τὴν
506 2397 596 2479 λέξιν
619 2391 684 2482 τὴν
705 2397 766 2481 τῆς
789 2390 926 2464 τούτων
948 2389 1118 2482 ἀσελγείας
1138 2398 1280 2482 μητέρα·
1302 2399 1357 2464 καί
1376 2397 1441 2464 εἴτε
1457 2390 1556 2466 αύτοί

248 2498 308 2581 τῆς
329 2499 448 2578 βίβλου
469 2509 669 2581 συγγραφεῖς
691 2486 768 2580 (όρα
790 2493 855 2582 τὴν
876 2487 1055 2582 ἀπόνοιαν,
1082 2497 1112 2563 εί
1132 2499 1187 2562 καὶ
1210 2497 1294 2563 θεοῦ
1314 2491 1555 2580 διαφεύδονται

200 2611 231 2668 α]
248 2588 292 2662 δι’
324 2588 512 2680 ἀκρασίαν),
547 2595 614 2662 εἴτε
645 2590 763 2674 ἄλλοις
792 2589 1033 2680 περιτυχόντες
1063 2589 1104 2662 τό
1134 2589 1242 2662 καλὸν
1273 2599 1378 2664 τοῦτο
1409 2589 1555 2682 ἐνόησαν

248 2687 355 2780 δόγμα
382 2695 649 2782 διεστραμμένως
671 2688 870 2781 ἀκηκοότες·
897 2695 962 2778 ἔχει
985 2695 1020 2761 δὲ
1043 2686 1156 2774 οὕτως
1179 2689 1221 2762 τὰ
1243 2697 1304 2780 τῆς
1326 2697 1459 2778 λέξεως·
1499 2695 1591 2762 νίνθ

248 2783 289 2879 ἦν
311 2789 354 2862 τὰ
377 2787 504 2862 πάντα·
530 2794 603 2861 ἐπεὶ
626 2796 661 2862 δὲ
684 2794 798 2877 ἔδοξεν
818 2787 925 2862 αύτοῦ
947 2797 989 2878 τῇ
1012 2786 1149 2879 ἓνότητι
1169 2791 1213 2880 μὴ
1237 2792 1321 2862 εἶναι
1342 2787 1439 2880 μόνη,
1463 2793 1554 2882 έξῆλ·

248 2899 310 2962 θεν
339 2886 401 2962 ἀπ’
424 2885 531 2960 αύτοῦ
561 2893 735 2972 ἐπίπνοια,
767 2895 822 2960 καί
853 2889 1081 2978 ἐκοινώνησεν
1109 2885 1195 2978 αύτῇ
1225 2898 1281 2961 καί
1307 2893 1465 2980 ἐποίησεν
1492 2890 1556 2962 τόν

247 2985 435 3078 ἀγαπητόν·
458 2993 496 3060 ἐκ
518 2993 552 3060 δέ
575 2985 702 3060 τούτου
723 2993 867 3079 ἐξῆλθεν
889 2984 950 3060 ἀπ’
974 2984 1081 3060 αύτοῦ
1102 2992 1275 3074 ἐπίπνοια,
1300 2981 1319 3078 ᾗ
1342 2987 1554 3080 κοινωνήσας

199 3109 231 3162 ‘25
248 3093 403 3178 ἐποίησεν
435 3085 589 3178 δυνάμεις
615 3085 699 3178 μήτε
726 3083 896 3178 ὁραθῆναι
922 3086 1007 3178 μήτε
1029 3083 1239 3178 ἀκουσθῆναι
1261 3095 1463 3180 δυναμέναςε
1489 3091 1554 3172 έως

251 3185 324 3260 »ἐπ’
352 3184 521 3278 ὀνόματος
551 3194 639 3258 ίδίου
669 3184 839 3276 ἑκάστην(
885 3194 914 3259 εἰ
939 3187 1003 3278 γὰρ
1034 3193 1089 3260 καὶ
1116 3179 1214 3259 οὗτοι
1239 3183 1396 3278 καθάπερ
1423 3192 1455 3262 οί
1482 3186 1590 3262 ἀπὸθ

250 3283 478 3360 θῦαλεντίνου
504 3287 732 3377 πνευματικὰς
755 3291 920 3378 ἐτίίθεντο
943 3295 1139 3370 κοινωνίας,
1170 3289 1251 3370 ίσως
1273 3315 1325 3370 τις
1347 3285 1466 3360 αύττῦν
1486 3288 1553 3378 τὴν
1569 3299 1654 3354 525?

247 3383 422 3477 ύπόληφιν
443 3383 616 3474 ἐπεδέξατ’
639 3386 726 3476 <ἀν>·
758 3394 915 3476 σαρκικῆς
937 3393 971 3457 δὲ
994 3379 1122 3474 ύβρεως
1143 3395 1330 3459 κοινωνίαν
1352 3393 1399 3471 είς
1419 3415 1552 3478 προφη-

247 3494 340 3559 τείαν
367 3482 466 3574 ἀγίαν
492 3481 630 3576 ἀνάγειν
656 3483 897 3576 ἀπεγνωκότος
924 3489 994 3556 ἐστὶ
1020 3484 1085 3576 τίγν
1108 3494 1290 3574 σωτηρίαν.
1333 3493 1475 3560 τοιαῦτα
1495 3495 1550 3560 καί
1569 3501 1646 3566 8⁰‚l

200 3607 231 3658 αι
248 3587 277 3656 οί
299 3582 367 3657 ἀπὸ
383 3592 553 3673 Προδίκου
575 3585 805 3677 ψευδωνύμως
824 3584 1034 3674 γνωστικοῦς
1048 3591 1136 3672 σφᾶς
1151 3582 1275 3668 αύτούς
1289 3582 1551 3676 ἀναγορεύοντες

247 3693 510 3774 δογματίζουσιν,
543 3687 635 3770 υἱούς
665 3693 725 3776 μὲν
758 3684 854 3772 φύσει
881 3693 944 3756 τοῦ
964 3685 1107 3774 πρώτου
1128 3691 1213 3755 θεοῦ
1234 3691 1391 3774 λέγοντες
1414 3683 1549 3769 αύτούς·

246 3783 501 3874 καταχριόμενον
528 3791 563 3856 δὲ
585 3793 629 3874 τῇ
651 3783 796 3878 εύγειείᾳ
818 3793 872 3856 καί
900 3791 942 3874 τῇ
963 3789 1138 3876 ἐλευθερίᾳ
1161 3791 1264 3870 ζιῦσιν
1286 3781 1334 3867 σός
1355 3784 1550 3868 βούλονται·

245 3883 428 3970 βούλονται
449 3889 485 3955 δὲ
507 3883 711 3974 φιληδόνως,
733 3891 948 3974 κρατηθῆναι
969 3879 1029 3954 ἀπ’
1046 3879 1186 3966 ούδενός
1209 3881 1422 3973 νενομικύτες
1444 3882 1492 3968 αός
1508 3882 1550 3955 ἂν

245 3983 354 4073 κύριοι
376 3990 440 4054 τοῦ
461 3981 630 4069 σαββάτου
650 3993 705 4054 καί
727 3980 886 4072 ύπεράνω
905 3983 1037 4064 παντὸς
1052 3989 1170 4072 γένους
1184 3979 1375 4070 πεφυκότες
1389 3992 1550 4070 βασίλειοι

330 4179 403 4235 2-8
421 4177 668 4249 Ερίεεε.4,“ίΟ-2ί
739 4179 832 4235 8-18
851 4179 949 4250 Ephes.
962 4183 986 4246 5,
1000 4179 1064 4233 1-4
1134 4177 1248 4233 14-18
1266 4176 1365 4247 Ephes.
1383 4181 1406 4244 5,
1423 4181 1447 4233 5.
1468 4183 1497 4234 11

247 4263 361 4318 21-26
379 4262 435 4332 vgl.
453 4261 482 4316 0.
499 4263 624 4318 Schmidt
640 4263 687 4318 TU
701 4263 747 4318 NF
766 4263 820 4320 V4
837 4265 863 4320 S.
875 4268 910 4321 54
990 4261 1226 4318 2or‘rh00d0ret
1243 4279 1267 4315 α.
1286 4279 1311 4316 α
1329 4261 1360 4317 Ο.
1437 4263 1476 4318 θέ
1495 4261 1549 4332 vgl.

246 4347 345 4402 Μοίλίτ.
364 4347 404 4412 12,
422 4349 451 4411 83
475 4347 561 4404 Mark.
580 4351 605 4416 2,
623 4351 668 4414 28;
692 4347 759 4404 Luk.
778 4349 802 4416 6,
821 4349 837 4402 5

331 4521 347 4576 l
361 4515 477 4590 ἀναίδην
490 4521 511 4576 L
580 4519 763 4594 ἐκδεχόμεναι
773 4523 906 4579 Theodor.
976 4521 1015 4578 51
1025 4516 1201 4576 ἀνανεοῦσθε
1211 4519 1246 4572 L¹
1258 4515 1451 4577 ἀνανεοῦσθαι
1460 4521 1498 4576 L*

249 4605 285 4661 1⁹
304 4612 475 4676 συγγραφεῖς
492 4607 528 4675 Sy
547 4615 713 4680 συγγραφῆς
731 4609 751 4662 L
821 4609 861 4664 20
879 4601 971 4670 ἄλλως
983 4605 1018 4674 Sy
1087 4600 1210 4672 ἐνόησαν
1222 4604 1254 4658 ίιῑ
1268 4604 1330 4672 (wie
1342 4605 1392 4672 Po)
1410 4603 1550 4676 ἐνόσησαν

247 4689 283 4742 L·
296 4693 409 4820 ἓξὲξ..
423 4775 446 4820 n
468 4691 504 4746 21
524 4691 554 4748 δὲ
587 4685 651 4764 οὖν)
670 4694 749 4748 Schw
767 4694 798 4762 δη
817 4692 857 4748 Ρο
926 4690 965 4746 20
984 4683 1126 4754 ἀνεδέξατ’
1144 4683 1207 4758 (ἄν)
1226 4687 1273 4744 Ma
1294 4685 1446 4829 ssffdffato
1465 4691 1485 4744 [ι
