3726 5528
632 546 769 601 sumata
786 543 832 600 lv.
855 545 918 616 Cap.
931 545 1004 600 vlu.
1021 547 1063 612 60,
1075 547 1167 614 4-6.·›‚
1181 549 1205 602 2.
1503 555 1563 618 277

260 715 517 798 φιλοσοφητέον
539 701 601 780 σύν
621 715 676 780 καὶ
699 725 773 792 ταις
794 713 944 798 γυναιξίν
965 712 1118 798 ἐμφερῶς
1141 727 1213 792 τοῖς
1235 705 1384 798 ἀνδράσι,
1406 707 1471 780 κάν
1491 719 1602 795 δελ-4

260 816 353 892 τίους
374 810 405 880 σί
428 807 564 896 ἄρρενες
587 805 630 880 τά
649 813 719 896 <τε>
741 813 863 896 πρῶτα
878 813 916 878 ἐν
930 815 1012 880 πᾶσι
1026 807 1207 900 φερόμενοι
1223 808 1443 900 τυγχάνωσιν,
1466 808 1564 894 ἐκτός

261 911 289 980 εί
310 909 354 998 μὴ
375 917 710 998 καταμαλακισθειεν.
740 903 923 997 άναγιιαῑον
943 901 1005 981 οὖν
1023 909 1191 996 σύμπαντι
1207 917 1258 1000 τῷ
1275 917 1349 982 τῶν
1362 907 1565 999 ἀνθρώπων
1582 921 1660 988 θοι

260 1014 347 1098 γένει
368 1014 503 1082 παιδεία
527 1036 562 1078 τε
584 1014 639 1080 καὶ
662 1003 775 1097 άρετὴ,
798 1012 885 1096 εἴγε
908 1011 963 1080 ἐπὶ
979 1009 1043 1100 τὴν
1058 1005 1274 1100 εὐδαιμονίαν
1289 1010 1473 1082 σπεύδοιεν.
1509 1018 1601 1082 καίθ

225 1129 333 1192 οπως
355 1104 396 1180 ού
417 1105 529 1196 μάτην
551 1105 735 1198 Εύριπίδης
756 1115 921 1190 ποικίλως
942 1105 1075 1197 γράφει·
1097 1115 1183 1181 ποτὲ
1204 1115 1267 1198 μὲν

468 1281 560 1348 πᾶσα
566 1273 643 1396 γάρ
665 1268 790 1362 ἀνδρὸς
810 1281 940 1348 κακίων
963 1273 1103 1364 άλοχος,

470 1371 536 1444 κᾶν
557 1368 575 1444 ό
598 1369 759 1459 κάκιστος

469 1469 556 1566 γήμη
579 1471 645 1562 τὴν
665 1469 920 1564 εὐδοκιμοῦσαν·

468 1711 560 1778 πᾶσα
581 1705 644 1795 γάρ
666 1705 771 1796 δούλη
793 1711 885 1778 ἐστίν
906 1703 1031 1794 ἀνδρὸς
1053 1702 1073 1796 η’
1095 1705 1249 1794 σαόφρων
1271 1703 1364 1796 γυνή,

469 1801 547 1895 ἡδὲ
568 1803 613 1894 μὴ
635 1805 786 1894 σώφρων
809 1802 909 1898 άνοίᾳ
931 1804 994 1877 τόν
1015 1801 1161 1892 ξυνόντα
1182 1801 1371 1894 ύπερφέρει.

637 1967 678 2044 ού
699 1979 760 2064 μὲν
782 1971 844 2064 γάρ
865 1992 1020 2062 κρεῖσσον
1041 1979 1097 2045 καί
1119 1972 1234 2060 άρειον

468 2065 490 2160 ἢ
512 2065 572 2142 ὅθ’
596 2067 850 2160 ὁμοφρονέοντε
874 2071 1039 2164 νοήμασιν·
1060 2075 1156 2147 οίκον
1178 2075 1301 2162 ἔχητον

470 2167 554 2260 ἀνὴρ
577 2166 634 2260 ἠδὲ
656 2170 748 2262 γυνὴ.

208 2355 240 2410 15
258 2335 387 2426 κεφαλὴ
419 2347 538 2408 τοίνυν
569 2335 610 2408 τὸ
641 2333 851 2427 ἡγεμονικόν.
895 2345 924 2410 εί
953 2345 988 2411 δὲ
1023 2339 1154 2428 »κύριος
1184 2337 1314 2428 κεφαλὴ
1341 2343 1405 2409 τοῦ
1430 2332 1601 2424 ἄνδράςο

257 2437 389 2526 κεφαλὴ
411 2443 446 2508 δέ
468 2435 625 2526 γυναικός
648 2433 667 2508 ό
688 2433 803 2528 άνήρ,ι
828 2437 942 2525 κύριος
965 2433 983 2509 ό
1004 2435 1090 2528 άνὴρ
1107 2443 1167 2526 τῆς
1183 2433 1347 2526 γυναικός,
1374 2437 1496 2508 »είκών
1509 2445 1563 2508 καὶ

258 2533 339 2624 δόξα
367 2543 468 2608 θεοῦι
497 2533 668 2626 ύπάρχων.
712 2537 841 2608 διὸκαὶ
864 2542 901 2608 ἐν
923 2545 965 2626 τῇ
991 2537 1078 2628 πρὸς
1100 2533 1269 2624 Ἐφεσίους
1292 2533 1426 2626 γράφει·
1466 2533 1564 2608 ιύκο·
1583 2549 1660 2610 em

259 2633 458 2728 τασσόμενοι
480 2634 640 2726 άλλὴλοις
662 2641 699 2708 ἐν
722 2633 820 2728 φόβῳ
842 2643 940 2708 θεοῦ·
963 2639 995 2708 αί
1017 2655 1170 2727 γυναῖκες
1193 2656 1264 2720 τοῖς
1285 2641 1383 2718 ἰδίοις
1402 2632 1564 2723 ἀνδράσιν

258 2734 306 2820 οἷς
328 2744 379 2828 τῷ
403 2743 521 2826 κυρίῳ,
544 2730 599 2808 ότι
622 2733 707 2828 άνήρ
729 2739 799 2808 ἐστι
821 2733 952 2826 κεφαλὴ
975 2743 1035 2824 τῆς
1057 2735 1216 2824 γυναικός
1238 2733 1286 2820 σός
1307 2743 1363 2808 καί
1382 2729 1401 2806 ό
1419 2733 1564 2822 Χριστός

204 2855 240 2910 20
257 2835 387 2926 κεφαλὴ
410 2841 471 2926 τῆς
492 2841 683 2926 ἐκκλησίας.
707 2833 809 2918 αὐτὸς
832 2831 851 2906 ό
874 2835 989 2926 σωτὴρ
1009 2843 1072 2908 τοῦ
1095 2837 1259 2926 σώματος.
1301 2830 1378 2906 ἀλλ’
1400 2829 1449 2918 ιύς
1471 2830 1492 2924 ἡ
1514 2839 1564 2906 ἐκ·

257 2943 377 3024 κλιγσία
403 2929 631 3007 ύποτάσσεται
663 2943 712 3024 τῷ
737 2943 890 3026 Χριστῷ,
923 2930 1034 3020 ούτως
1055 2943 1110 3006 καὶ
1139 2941 1173 3008 αί
1200 2953 1352 3026 γυναῖκες
1375 2953 1447 3012 τοῖς
1467 2938 1565 3018 ίδίοις

258 3031 420 3122 άνδράσιν
441 3039 479 3104 ἐν
500 3042 611 3106 παντί.
655 3037 688 3156 οἱ
710 3033 842 3124 ἄνδρες,
870 3031 1022 3126 άγαπᾶτε
1045 3033 1106 3117 τάς
1129 3053 1302 3124 γυναῖκας,
1324 3034 1444 3116 καθεός
1465 3027 1600 3104 nam

259 3129 457 3221 Χριστός
437 3131 608 3224 ηγάπησεν
633 3163 699 3224 την
726 3139 917 3223 ἐκκλησίαν·
945 3130 1071 3224 Ισύτω
1093 3141 1148 3206 καὶ
1172 3137 1205 3207 οἱ
1227 3133 1347 3220 ἄνδρες
1369 3127 1565 3218 ὀφείλουσιν
1582 3148 1667 3204 593?

258 3229 392 3320 άγαπάν
414 3232 476 3316 τὰς
497 3233 630 3304 ἐαυτων
651 3251 810 3322 γυναῖκας
828 3265 881 3354 ῳς
902 3235 944 3307 τά
967 3237 1099 3355 ἐαυτῳν
1121 3259 1269 3322 οωματα.
1306 3227 1484 3321 όάγαπων
1499 3261 1564 3322 την

206 3349 239 3404 25
257 3333 381 3405 ἑαυτοῦ
411 3349 550 3422 γυναῖκα
579 3331 702 3404 ἑαυτὸν
733 3329 858 3426 άγοπᾷ·
894 3330 1002 3418 ούδείς
1028 3331 1091 3423 γάρ
1117 3361 1203 3406 ποτε
1225 3331 1290 3422 τὴν
1313 3333 1436 3404 ἐαυτοῦ
1458 3329 1564 3418 σάρκα

257 3437 436 3520 ἐμίσησεν.ι
481 3427 546 3504 κάν
577 3439 619 3521 τῇ
649 3429 736 3518 πρὸς
760 3440 960 3518 Κολοσσοεῑς
990 3437 1042 3504 ταί
1063 3451 1234 3522 γυναῖκες(
1260 3439 1372 3521 φησίν,
1398 3427 1562 3504 εύποτάσ·
1583 3448 1659 3516 6ιί,1

258 3541 356 3603 σεσθε
380 3549 452 3614 τοῖς
474 3527 645 3618 άνδράσιν,
678 3527 726 3614 οἷς
746 3529 863 3622 άνήκει
885 3537 922 3604 ἐν
943 3541 1058 3624 κυρίῳ.
1102 3537 1134 3604 ολ
1161 3531 1296 3622 ἄνδρες,
1328 3527 1481 3620 άγοπᾶτε
1503 3531 1564 3614 τὰς

258 3649 416 3720 γυναῖκας
438 3638 493 3702 καί
514 3629 559 3721 μὴ
580 3640 799 3718 πικραίνεσθε
821 3631 907 3719 πρὸς
928 3629 1041 3714 αύτάς.
1079 3631 1122 3704 τά
1144 3637 1256 3714 τέκνα,
1279 3627 1470 3704 ύπακούετε
1492 3649 1564 3710 τοῖς

257 3738 390 3819 γονεῦσι
420 3729 508 3802 κατά
537 3728 664 3802 πάντα·
700 3737 805 3803 τοῦτο
835 3731 897 3820 γάρ
920 3728 1102 3820 εύάρεστον
1124 3739 1175 3822 τῷ
1199 3739 1313 3820 κυρίῳ.
1357 3733 1390 3802 οἱ
1411 3735 1563 3815 πατέρες.

206 3847 240 3900 w
256 3828 300 3920 μὴ
324 3834 489 3918 ἐρεθίζετε
513 3829 555 3900 τά
578 3835 679 3902 τέκνα
700 3827 804 3920 ὑμῶν,
828 3835 883 3902 ἵνα
896 3831 942 3922 μὴ
957 3829 1143 3921 άθυμῶσιν.
1179 3833 1212 3902 οί
1228 3836 1354 3914 δοῦλοι,
1374 3825 1601 3900 ύπακούετελ

345 4035 360 4090 1
386 4033 522 4106 Οέετγείφρ
544 4035 587 4090 Fr.
610 4051 676 4090 mor.
694 4035 745 4089 ‘254
762 4033 859 4090 Arnim
945 4037 1027 4093 8-8.
1051 4037 1115 4092 101
1139 4033 1281 4106 Euripides
1304 4033 1423 4106 Oedipus
1446 4035 1487 4088 Fr.
1507 4035 1564 4090 546.

258 4121 320 4182 δίός
346 4117 707 4188 vg!.Stob.Flor.T3,28;
729 4119 823 4184 69,18
904 4121 1017 4176 12-14
1041 4119 1208 4187 {182-184
1290 4117 1353 4174 lM
1378 4119 1386 4171 1
1407 4119 1471 4172 Κοτ.
1491 4119 1565 4182 11,3

258 4289 274 4342 3
294 4203 334 4341 11ίέ
340 4202 371 4326 1-
377 4203 395 4342 ⁴l
414 4203 478 4343 Ῑξοτ.
499 4207 543 4268 11,
562 4205 576 4256 7
675 4204 788 4260 11-26
815 4203 913 4274 Ephos.
932 4207 960 4268 ὅ,
978 4205 1086 4260 21-25.
1109 4205 1168 4257 ‘M
1253 4201 1351 4258 20-8.
1371 4203 1479 4270 ms
1503 4203 1565 4258 Kol.

343 4455 444 4522 202>
461 4455 539 4510 Schw
608 4455 837 4522 41κοίπῶς1
905 4455 1062 4524 θκακίων]
1079 4455 1183 4526 χείρων
1201 4453 1289 4510 Cobet
1312 4455 1401 4522 μείων
1418 4453 1515 4509 Nauck

261 4539 275 4594 7
300 4537 433 4606 κάκιστος
451 4539 525 4594 Stob.
547 4537 738 4612 κράτιστοςΙι
817 4541 856 4596 10
877 4535 962 4610 ἐστίν]
984 4537 1108 4608 πέφυκεν
1132 4539 1207 4594 Stob.
1289 4539 1324 4594 11
1349 4537 1468 4604 ξυνόντα
1484 4535 1566 4608 ύιτερ·

259 4621 349 4696 φέρει]
366 4621 481 4692 ξυνόνθ’
490 4621 665 4696 ὑπερφρονεῖ
674 4624 750 4680 stob.
821 4623 858 4680 12
876 4623 1080 4696 γὰρΗ-τοῦγε
1092 4623 1171 4680 Hom.
1241 4621 1373 4694 δρετονῐι
1444 4625 1480 4679 17
1494 4625 1567 4680 θεοῦ

258 4725 303 4762 τοι
322 4707 399 4762 Βαοδ
419 4709 452 4762 L¹
534 4725 581 4764 vor
598 4707 701 4780 γράφει
721 4709 757 4764 ist
774 4703 893 4780 ὑπάρχει
911 4709 1012 4780 getilgt
1031 4709 1063 4762 L¹
