3718 5530
611 457 751 512 stromata
769 457 801 512 V.
824 455 887 527 Cap.
901 455 972 511 xlv.
991 453 1206 522 1361-1364·
1499 462 1558 522 417

249 619 366 696 αύτῶν
393 625 442 694 ἐτι
465 619 553 693 κατά
576 617 720 710 γαστρός
743 613 923 710 όγούμενα,
954 618 998 690 τά
1020 624 1056 692 δέ
1078 615 1283 706 αύτεξουσίῳ
1307 625 1470 708 λογισμῷ,
1504 625 1558 688 καί
1579 635 1597 690 8

251 731 324 794 τῶν
354 721 556 810 άνθρῶπων
582 717 710 802 πάντες
724 713 885 808 Ἕλληνές
916 745 952 788 τε
982 724 1038 788 καὶ
1067 713 1235 806 βάρβαροι.
1279 723 1375 806 γένος
1402 715 1436 790 δ’
1459 717 1558 790 ούόἐν

251 823 399 911 οὐδαμοῦ
425 827 499 892 τῶν
520 819 769 912 γεωργούντων
790 814 868 890 ούδέ
890 813 1060 906 νομάδων,
1083 811 1157 888 ἀλλ’
1175 813 1251 890 ούδέ
1275 825 1348 890 τῶν
1366 825 1558 892 πολιτικῶν

251 919 392 992 δύναται
419 925 493 1010 ζῆν,
524 919 569 1010 μὴ
600 923 937 1008 προκατειλημμένον
963 923 1006 1006 τῇ
1033 922 1096 988 τοῦ
1122 925 1321 1008 κρείττονος
1344 925 1463 990 πίστει.
1506 917 1596 992 διότι

215 1026 321 1094 σπᾶν
342 1026 403 1110 μὲν
425 1021 527 1102 ἐθνος
548 1017 657 1110 ἑῴων,
687 1024 758 1090 πᾶν
784 1024 820 1090 δέ
848 1019 1013 1106 ἐσπερίων
1034 1011 1232 1108 άπτόμενον
1253 1013 1403 1107 ἠ<όνων>
1424 1015 1559 1108 βόρειόν

251 1149 285 1190 τε
318 1127 372 1190 καί
406 1117 448 1190 τά
479 1115 565 1208 πρός
596 1123 646 1208 τῷ
679 1115 772 1208 νότῳ
804 1115 918 1190 πάντα
948 1123 1028 1206 μίαν
1060 1119 1125 1204 ἔχει
1152 1125 1208 1188 καί
1240 1115 1305 1206 τὴν
1336 1114 1444 1208 αύτὴν
1474 1115 1558 1208 πρό-

251 1229 354 1310 ληψιν
379 1225 455 1307 περὶ
481 1223 544 1290 τοῦ
567 1223 866 1308 καταστησαμένου
888 1215 953 1306 τὴν
975 1213 1175 1306 ἡγεμονίαν,
1203 1221 1232 1287 εί
1253 1243 1288 1304 γε
1310 1224 1366 1288 καί
1389 1217 1431 1290 τά
1453 1231 1559 1292 καθο-
1578 1235 1661 1292 7302

252 1319 426 1390 λικῶτατα
456 1323 531 1390 τῶν
560 1315 797 1408 ἐνεργημάτων
828 1313 934 1390 αύτοῦ
964 1323 1228 1406 διαπεφοίτηκεν
1254 1313 1310 1389 ἐπ’
1334 1321 1405 1406 ίσης
1428 1313 1559 1390 πάντα·

250 1417 341 1490 πολύ
384 1423 419 1488 δέ
461 1423 568 1488 πλέον
613 1419 645 1488 σί
683 1412 767 1506 παρ’
790 1411 928 1506 Ἕλλησι
962 1413 1243 1506 πολυπράγμονες
1286 1420 1330 1504 [οἱ
1362 1413 1559 1504 φιλόσοφοι]
1580 1427 1676 1496 184,1

201 1537 233 1592 10
250 1523 288 1590 ἐκ
311 1524 370 1608 τῆς
392 1511 562 1606 βαρβάρου
590 1509 781 1605 ὁρμώμενοι
809 1523 1015 1602 φιλοσοφίας
1036 1521 1121 1606 (τῷ)
1145 1511 1282 1606 άοράτῳ
1310 1525 1366 1588 καί
1388 1513 1482 1607 μόνῳ
1505 1521 1560 1586 καί

251 1615 484 1708 δυνατωτάτῳ
515 1622 571 1686 καί
600 1611 843 1706 τεχνικωτότῳ
872 1623 927 1686 καὶ
955 1623 1028 1688 τῶν
1055 1623 1247 1688 καλλίστων
1275 1612 1472 1706 αἰτιωτάτῳ
1497 1613 1561 1705 τὴν

250 1725 439 1806 προνομίαν
466 1719 601 1796 ἔδοσαν,
629 1715 672 1786 τά
703 1709 882 1788 άκόλουθα
913 1713 1064 1798 τούτοις,
1096 1721 1125 1786 εί
1151 1713 1196 1806 μὴ
1223 1725 1449 1804 κατηχηθείεν
1475 1714 1561 1804 πρὸς

250 1813 355 1906 ἡμῶν,
378 1813 440 1887 ούκ
462 1812 687 1904 ἐπιστάμενοι,
710 1811 783 1888 ἀλλ’
801 1809 876 1886 οὐδ’
891 1809 997 1886 αύτὸν
1024 1811 1122 1898 ὅπως
1148 1827 1301 1888 νοεῖσθαι
1321 1821 1474 1902 πέφυκεν
1497 1811 1561 1886 τόν

251 1915 344 2002 θεόν,
367 1912 475 2004 μόνον
498 1911 540 2000 δ’,
563 1911 612 1998 ῶς
634 1911 696 2006 ἤδη
719 1911 885 1997 πολλάκις
906 1911 1091 2004 εἰρήκαμεν,
1113 1913 1201 1986 κατά
1216 1922 1420 2004 περίφρασιν
1435 1911 1560 2004 άληθῆ.

198 2033 230 2087 15
251 2011 390 2096 εἰκότως
417 2007 480 2086 σύν
506 2009 525 2086 6
547 2010 742 2096 άπόστολος
766 2009 805 2102 »6
826 2010 996 2086 Ἰουδαίων
1017 2012 1151 2104 μόνωντ
1178 2021 1282 2104 φησίν
1306 2009 1344 2086 »6
1368 2009 1464 2098 θεός;
1487 2009 1597 2102 ούγ12

250 2121 304 2185 καί
318 2110 521 2204 Ἑλλήνωντ
548 2112 588 2186 ού
618 2111 726 2202 μόνον
752 2121 974 2202 προφητικῶς
1006 2119 1115 2202 λέγων
1142 2121 1196 2185 καί
1223 2113 1304 2197 τούς
1332 2119 1367 2200 ἐξ
1387 2109 1561 2203 Ἑλλήνων

250 2213 475 2294 πιστεύοντας
488 2207 655 2332 Ἕλληνας
681 2215 827 2284 εἴσεσθαι
855 2212 917 2284 τόν
942 2217 1038 2296 θεόν,
1070 2209 1157 2286 ἄλλό
1180 2207 1316 2286 κάκεῑνο
1339 2211 1486 2302 μηνύων,
1512 2209 1561 2294 ῶς

250 2309 387 2400 δυνάμει
418 2317 478 2401 μὲν
505 2305 524 2382 6
550 2309 665 2398 κύριος
686 2319 741 2382 καί
764 2309 845 2392 θεὸς
865 2309 1011 2384 πάντων
1038 2309 1080 2382 66
1104 2317 1155 2430 εἴη
1178 2320 1233 2384 καί
1256 2319 1306 2402 τῷ
1330 2305 1406 2383 ὄντι
1429 2339 1560 2382 παντο-

251 2409 403 2500 κράτωρ
433 2409 522 2532 κατά
551 2415 586 2482 δὲ
613 2409 678 2500 τὴν
705 2415 830 2499 γνῶσιν
856 2405 897 2504 ού
920 2408 1066 2482 πάντων
1093 2407 1192 2492 θεός·
1230 2403 1308 2482 οὔτε
1336 2409 1398 2500 γὰρ
1426 2439 1445 2480 ο
1429 2403 1599 2488 ἐστινε

198 2525 232 2580 20
250 2502 330 2582 συθ
351 2503 447 2592 ὅπως
472 2507 587 2598 κύριος
617 2517 673 2580 καὶ
704 2509 818 2598 πατὴρ
849 2516 904 2578 καὶ
931 2508 1091 2602 ποιητής,
1122 2506 1199 2582 ούδέ
1226 2509 1291 2600 τὴν
1318 2509 1426 2600 άλλην
1453 2515 1561 2580 ισασιν

251 2615 450 2694 οἰκονομίαν
471 2613 532 2696 τῆς
553 2605 724 2698 άληθείας
746 2609 792 2698 μὴ
814 2603 855 2680 ού
876 2607 963 2698 πρὸς
985 2605 1103 2732 αύτης
1111 2613 1341 2700 διδαχθέντες.

331 2703 501 2790 Ὡσαύτως
531 2715 587 2778 καί
618 2707 661 2778 τὰ
691 2707 888 2798 προφητικὰ
924 2708 988 2798 τὴν
1022 2705 1130 2800 αὐτὴν
1161 2711 1225 2798 ἔχει
1256 2716 1307 2800 τῷ
1339 2707 1559 2800 όποστολικῷ
1581 2729 1675 2794 ml

251 2803 344 2898 λόγῳ
371 2805 520 2896 δύναμιν.
561 2801 693 2890 Ἡσαΐας
718 2813 779 2896 μὲν
806 2803 869 2896 γάρ
896 2831 1011 2896 φησιν·
1038 2819 1043 2892 Ι
1074 2815 1120 2880 »εί
1148 2815 1182 2880 δέ
1205 2813 1333 2898 λέγετε·
1364 2813 1419 2881 ἐπὶ
1440 2807 1560 2898 κύριον
1577 2829 1658 2884 2618

251 2907 314 2978 τόν
336 2904 420 2978 θεὸν
442 2900 538 2996 ἡμῶν
560 2914 787 2994 πεποίθαμεν·
813 2913 875 2976 νῦν
894 2913 1037 2998 μίχθητε
1060 2913 1110 2998 τῷ
1132 2915 1237 2998 κυρίῳ
1260 2935 1326 2998 μου
1341 2917 1470 2994 βασιλεῖ
1486 2915 1558 3030 τῶν

197 3021 231 3076 25
249 3003 455 3094 Ἀσσυρίωνπ
494 3011 548 3074 καί
569 3009 731 3094 ἐπιφέρει
757 3013 829 3076 »καί
853 3011 914 3077 νῦν
935 3005 979 3125 μὴ
1002 3005 1084 3078 ἄνευ
1105 3015 1223 3096 κυρίου
1242 3003 1406 3098 άνέβημεν
1421 3013 1477 3080 ἐπί
1494 3008 1558 3098 τὴν

249 3106 364 3194 χῶραν
394 3103 523 3193 ταύτην
554 3111 617 3176 τοῦ
646 3110 834 3194 πολεμῆσαι
841 3101 1000 3228 αύτήν;ι
1034 3101 1147 3188 Ἰωνᾶς
1169 3101 1245 3178 δές
1226 3136 1245 3178 ο
1267 3116 1323 3178 καί
1347 3103 1451 3190 αύτός
1472 3135 1557 3196 προ·
1578 3126 1596 3182 2

250 3203 359 3294 φὴτης
381 3203 422 3278 τό
445 3199 528 3276 αύτό
551 3208 734 3276 αἰνίσσεται
755 3201 800 3276 δι’
825 3195 877 3276 ῶν
884 3229 1014 3334 φησιν·
1054 3213 1127 3276 »καὶ
1153 3211 1312 3295 είσῆλθεν
1339 3205 1426 3296 πρὸς
1449 3204 1558 3278 αύτὸν

249 3299 445 3394 ὁπρῳρεύς
465 3312 520 3376 καὶ
543 3307 636 3377 εἶπεν
657 3300 764 3396 αύτῷ·
801 3313 833 3375 τί
856 3303 896 3376 σύ
918 3306 1057 3428 ρε’γγεις;
1088 3302 1273 3396 ἀνάστηθι,
1305 3305 1529 3378 ἐπικαλοῦ
1493 3335 1558 3378 τον

249 3401 333 3475 θεόν
354 3429 429 3489 σου,
461 3397 555 3488 ὅπως
577 3399 766 3492 διασῶση
746 3409 832 3494 ημᾶς
852 3411 909 3476 καί
929 3403 974 3494 μὴ
997 3401 1235 3492 άπολῶμεθαπ
1282 3405 1323 3478 τό
1345 3413 1407 3494 μέν
1430 3404 1493 3496 γάρ
1520 3401 1597 3478 »6⁸

194 3517 229 3572 ³0
250 3503 330 3586 θεός
360 3529 437 3576 σοντ
472 3511 523 3595 τῷ
553 3499 632 3576 κατ’
655 3507 837 3590 ἐπίγνωσιν
860 3500 964 3574 εἰδότι
991 3505 1092 3587 είπεν,
1126 3511 1175 3594 τῷ
1198 3509 1233 3574 δέ
1263 3497 1378 3588 »ὅπως
1406 3505 1559 3594 διασῶση

248 3599 331 3692 ἡμᾶς
354 3597 372 3674 6
395 3603 493 3686 θεὸςτ
524 3601 588 3692 τὴν
614 3609 832 3691 συναίσθησιν
858 3611 864 3686 1
892 3608 966 3672 τῶν
991 3607 1037 3685 είς
1065 3603 1127 3676 τόν
1153 3601 1420 3693 παντοκράτορα
1443 3609 1559 3690 ἐπιβα-
1580 3617 1663 3674 7312

247 3699 382 3774 λόντων
404 3701 467 3774 τόν
488 3709 570 3774 νοῦν
592 3705 711 3772 ἐθνῶν
731 3699 902 3792 ἐδήλωσεν
925 3709 998 3774 τῶν
1019 3708 1160 3792 μηδέπω
1175 3699 1462 3774 πεπιστευκότων.
1504 3710 1558 3775 καί
1580 3720 1599 3775 4

332 3881 577 3938 ί-θεαεεὶσεω
595 3880 730 3936 Dichter?
812 3881 1055 3942 lbrnnmssffl
1136 3883 1249 3938 28-26
1267 3882 1321 3937 ίεε.
1340 3882 1440 3948 36,71.
1460 3883 1493 3936 10

249 3965 528 4032 27-20101121,6

333 4119 347 4174 1
376 4113 519 4188 ύγσύμενα
538 4115 600 4172 Lus.
619 4111 773 4188 οίχούμενα
794 4117 813 4170 L
904 4117 922 4172 θ
949 4113 1030 4172 ούδει
1050 4115 1083 4170 Di
1111 4111 1216 4174 ούτεΙι
1308 4112 1559 4176 omma-0615

250 4203 270 4256 L
339 4197 526 4274 θέῷονΕιιε.
595 4197 758 4270 ἁπτόμενον
777 4200 839 4256 Eun.
858 4197 1056 4268 ἀντύμενονῐι
1126 4193 1295 4271 η’δνωνΕαε.
1315 4199 1375 4270 6L
1443 4201 1560 4275 βόρειόν

250 4285 312 4342 Bm
329 4285 469 4360 βόριὸνίε
550 4285 740 4356 ίηγεμονίαν
758 4283 820 4340 Eun.
839 4285 1049 4356 ηγεμονείανῐι
1129 4281 1206 4356 ⁹102
1224 4285 1388 4356 φιλόσοφοι]
1409 4286 1455 4341 wi
1481 4287 1558 4354 φιλό-

249 4387 333 4440 σοφοι
351 4369 415 4426 Em.
506 4371 544 4426 10
563 4371 632 4442 <τῷ1
651 4387 700 4426 εστ
723 4369 786 4426 Eun.
879 4369 941 4425 1111
963 4371 1012 4426 καί
1034 4369 1229 4445 δυνατωτάτῳ]
1254 4371 1363 4442 δννατῳ
1386 4371 1490 4429 Euo

250 4457 285 4512 11
313 4455 379 4526 τῶν]
402 4459 460 4512 τῶν
481 4449 575 4512 ἄλλων
597 4453 660 4510 Em.
754 4455 791 4510 12
819 4455 980 4526 προνομίαν
1003 4453 1066 4508 Eun.
1090 4453 1231 4526 πρόνοιαν
1254 4454 1275 4508 L
1362 4448 1470 4512 ἐδωκαν
1498 4455 1560 4512 Em

293 4541 330 4596 14
357 4542 529 4610 περίφρασιν
549 4538 612 4594 Eun.
638 4539 791 4612 περίφασιν
819 4537 885 4608 (vgl.
904 4539 1001 4594 strom
1021 4539 1031 4591 1
1054 4541 1100 4602 91,
1120 4541 1147 4602 5;
1176 4537 1319 4606 v139.1)
1343 4537 1364 4592 L
1447 4541 1484 4596 1⁹
1511 4543 1562 4610 τὴν

252 4623 365 4692 γνῶσιν]
385 4621 537 4694 ἐπίγνωσιν
554 4621 665 4678 Μῦστεί
747 4623 787 4678 θθ
805 4615 892 4690 εἶπεν,
910 4629 949 4694 τῷ
970 4625 1000 4677 st
1023 4619 1121 4688 είτιύιν,
1140 4621 1173 4676 τὸ
1193 4621 1214 4674 L

307 4709 418 4754 θίεωετττ
432 4709 463 4754 11.
1320 4707 1353 4762 27
