3760 5534
635 551 774 607 θῖτσιαείε
791 551 837 606 IV.
860 551 923 622 Cap.
938 551 995 605 Vll.
1013 555 1196 618 44,1-47,ῦ.
1503 563 1562 626 269

256 713 344 786 κατά
366 709 472 800 σάρκα
494 719 582 803 ζῆτε,
604 719 743 803 μέλλετε
766 709 1011 804 ἀποθνῄσκειν·
1043 722 1217 804 λογίζομαι
1240 713 1302 806 γάρ
1325 709 1379 788 ότι
1402 713 1463 788 οῦκ
1485 716 1561 804 ἄξια

256 813 299 886 τά
328 811 516 904 παθήματα
546 819 610 886 τσῦ
641 821 703 886 νῦν
732 819 851 904 καιροῦ
881 815 968 903 πρὸς
994 813 1059 905 τὴν
1089 821 1279 904 μέλλουσαν
1306 814 1408 902 δόξαν
1436 812 1563 888 άποκα-

257 919 430 1004 λυφθῆναι
452 917 498 996 είς
520 909 614 1004 ἡμᾶς,
646 917 738 1002 είπερ
761 911 1007 1003 συμπόσχσμεν,
1033 918 1088 986 ίνα
1110 921 1166 984 καί
1187 921 1482 1004 συνδοξασθῶμεν,
1514 915 1563 1000 ῶς

258 1008 524 1104 συγκληρονόμσι
546 1019 722 1102 Kouma«
771 1017 926 1103 »οἴδαμεν
953 1017 988 1084 δὲ
1020 1007 1075 1084 ότι
1105 1031 1178 1097 τοῖς
1214 1009 1369 1104 άγαπῶσι
1393 1015 1456 1088 τὸν
1477 1013 1563 1087 θεὸν
1581 1025 1660 1090 441

223 1111 369 1186 σπάντα
399 1131 550 1202 συνεργεῖ
578 1116 624 1196 είς
654 1111 695 1185 τὸ
727 1107 867 1200 άγαθόν,
903 1131 974 1196 τοῖς
1004 1113 1091 1186 κατὰ
1120 1109 1286 1202 πρόθεσιν
1316 1125 1454 1204 κλητοῖς
1481 1105 1563 1186 σύσι.

258 1207 313 1284 ότι
339 1209 398 1296 σῦς
424 1219 595 1302 προέγνω,
626 1219 681 1284 καί
711 1211 903 1300 προώρισεν
925 1211 1144 1303 συμμόρφους
1166 1219 1227 1304 τῆς
1249 1211 1380 1296 εἰκόνος
1402 1221 1465 1286 τοῦ
1491 1217 1564 1285 υἱοῦ

257 1309 373 1394 αύτοῦ,
403 1317 451 1394 είς
468 1311 509 1384 τὸ
531 1311 617 1382 εἶναι
640 1308 747 1384 αύτὸν
767 1307 997 1400 πρωτότοκον
1018 1317 1055 1384 ἐν
1076 1323 1218 1396 πολλοῖς
1240 1311 1412 1400 άδελφσῖς·
1447 1310 1505 1398 οῦς
1528 1319 1564 1384 δὲ

255 1411 457 1502 προώρισεν,
480 1409 625 1494 τούτους
646 1418 702 1482 καί
724 1407 894 1483 ἐκάλεσεν·
925 1407 983 1494 σῦς
1006 1419 1042 1484 δὲ
1064 1409 1230 1496 ἐκάλεσεν,
1253 1411 1399 1496 τούτους
1420 1419 1476 1484 καί
1497 1417 1562 1484 ἐδι-

254 1517 414 1584 καίωσεν·
438 1507 497 1594 σῦς
519 1517 553 1582 δέ
576 1513 759 1594 ἐδικαίωσε,
783 1509 928 1594 τούτους
949 1518 1004 1581 καί
1026 1507 1208 1598 ἐδόξασεν.ι
1255 1507 1336 1604 ὁρᾷς
1357 1509 1403 1584 δι’
1427 1509 1563 1603 όγάπην

205 1625 239 1682 10
256 1616 500 1701 διδασκομένου
524 1617 721 1700 μαρτυρίαν.
764 1607 829 1681 κάν
850 1607 896 1682 δι’
919 1607 1062 1700 άμσιβὴν
1086 1607 1230 1700 όγαθῶν
1252 1607 1417 1700 ἐθελήσῃς
1437 1625 1598 1702 μαρτυθ

256 1715 364 1800 ρῆσαι,
386 1705 512 1800 άκσῦση
534 1707 654 1782 πάλιν·
680 1717 740 1799 »τῇ
763 1709 825 1799 γάρ
848 1714 956 1782 ἐλπίδι
978 1709 1167 1798 ἐσώθημεν·
1198 1716 1292 1794 ἐλπίς
1315 1717 1350 1782 δὲ
1372 1717 1562 1800 βλεπομένη

256 1807 318 1882 σῦκ
340 1813 433 1881 ἔστιν
454 1815 560 1894 ἐλπίς·
589 1803 608 1882 ῦ
632 1807 694 1900 γάρ
715 1815 829 1896 βλέπει
852 1839 912 1892 τις,
935 1817 968 1880 τί
989 1817 1045 1880 καὶ
1067 1813 1207 1896 ἐλπίζει;
1232 1815 1260 1881 εί
1281 1816 1317 1882 δὲ
1340 1803 1358 1880 ῦ
1381 1807 1422 1880 σύ
1443 1817 1561 1896 βλέπο-

256 1939 318 2000 μεν
339 1914 527 1998 έλπίζσμεν,
556 1903 601 1980 δι’
624 1905 798 1999 ῦπομονῆς
820 1905 1099 1998 άπεκδεχύμεθα.ι
1149 1904 1241 1981 »ἄλλ’
1264 1914 1293 1982 εί
1313 1916 1370 1980 καί
1392 1907 1563 2000 πάσχομεν
1583 1925 1601 1980 8

256 2008 311 2082 διά
333 2007 559 2099 δικαιοσύνην,
585 2005 769 2100 μακάριος(
803 2015 905 2100 φησίν
927 2003 946 2080 ό
968 2015 1107 2097 Πέτρος.
1153 2007 1234 2080 »τὸν
1256 2015 1291 2080 δὲ
1314 2005 1424 2098 φόβον
1446 2007 1564 2080 αύτῶν

206 2123 239 2178 15
256 2109 300 2200 μέγ
327 2115 505 2198 φοβηθῆτε
535 2115 618 2200 μηδὲ
644 2113 852 2196 ταραχθῆτε,
883 2105 1002 2196 κύριον
1029 2113 1064 2178 δέ
1086 2103 1150 2178 τὸν
1173 2109 1323 2196 Χριστὸν
1345 2105 1503 2195 άγιάσατε
1526 2113 1562 2180 ἐν

258 2229 329 2290 ταῖς
351 2213 500 2296 καρδίαις
521 2203 628 2298 ύμῶν,
652 2209 781 2298 έτοιμσι
795 2213 831 2280 δὲ
846 2205 897 2278 άελ
912 2205 999 2296 πρὸς
1015 2203 1206 2296 όπσλσγίαν
1220 2217 1324 2280 παντί
1340 2215 1392 2297 τῷ
1409 2213 1562 2280 αίτσῦντι

257 2305 340 2396 ύμᾶς
370 2303 475 2396 λόγον
505 2313 581 2396 περὶ
612 2312 673 2395 τῆς
700 2311 737 2380 ἐν
758 2302 837 2394 ύμῖν
858 2311 1009 2390 ἐλπίδος,
1041 2303 1126 2380 άλλά
1154 2313 1158 2394 Ι
1185 2305 1269 2396 μετά
1291 2305 1487 2396 πραΰτητος
1508 2315 1563 2378 καί
1580 2317 1664 2374 σΒθΡ

257 2403 376 2496 φόβου,
398 2413 586 2496 συνείδησιν
608 2411 741 2495 ἔχοντες
757 2401 901 2496 άγαθὴν,
922 2409 977 2476 ἵνα
992 2410 1029 2478 ἐν
1044 2397 1072 2494 ᾧ
1088 2415 1345 2483 καταλαλεῖσθε,
1368 2433 1563 2496 καταισχυν-

257 2513 368 2578 θῶσιν
398 2511 430 2578 σί
460 2503 704 2597 ἐπηρεάζοντες
734 2505 798 2596 τὴν
827 2506 937 2596 καλὴν
968 2503 1189 2594 ἀναστροφὴν
1222 2501 1318 2592 ύμῶν
1349 2513 1385 2578 ἐν
1418 2513 1564 2596 Χριστῷ.

205 2621 240 2678 20
257 2625 415 2693 κρεῖττον
436 2605 498 2696 γάρ
520 2603 828 2696 ἀγαθοποιοῦντας,
851 2611 880 2678 ελ
903 2611 1000 2676 θέλοι
1023 2601 1064 2676 τὸ
1084 2609 1214 2693 θέλημα
1230 2611 1292 2676 τοῦ
1308 2610 1400 2690 θεοῦ,
1423 2602 1565 2694 πάσχειν

258 2701 279 2795 ἢ
301 2711 596 2788 κακοποιοῦντας.«

341 2803 416 2876 Κάν
443 2835 494 2888 τις
520 2809 704 2894 ἐρεσχελῶν
731 2809 824 2894 λέγη·
857 2809 911 2874 καί
935 2809 1011 2886 πῶς
1034 2798 1109 2874 οίόν
1132 2809 1171 2874 τέ
1190 2803 1347 2894 ἐστιτήν
1370 2801 1476 2891 σάρκα
1498 2803 1564 2892 τὴν
1581 2815 1657 2880 4ῖ,1

257 2901 386 2994 άσθενῆ
407 2902 494 2992 πρὸς
515 2903 576 2987 τὰς
598 2899 753 2994 δυνάμεις
774 2909 829 2974 καί
851 2902 894 2974 τά
920 2901 1094 2992 πνεύματα
1121 2907 1194 2973 τῶν
1217 2905 1380 2990 ἐξουσιῶν
1402 2899 1562 2976 όνθίστα-

258 3013 353 3088 σθαι,·
384 2999 457 3076 ἄλλ’
479 3007 587 3076 ἐκεῖνο
619 3009 812 3092 γνωριζέτω
844 2995 898 3074 ότι
929 3008 979 3092 τῷ
1009 2997 1266 3090 παντοκράτσρι
1296 3009 1351 3074 καὶ
1378 3011 1429 3093 τῷ
1456 3011 1599 3094 κυρίῳῖ

205 3119 241 3176 2ο
257 3109 467 3194 θαρροῦντες
493 3099 825 3190 άντιπσλιτευόμεθα
852 3119 925 3186 ταῖς
951 3095 1067 3190 όρχαῖς
1094 3107 1157 3172 τοῦ
1183 3099 1327 3185 σκότους
1347 3109 1400 3174 καί
1425 3110 1476 3193 τῶ
1499 3113 1561 3176 θα-

259 3199 361 3294 νάτῳ.
407 3205 476 3274 »ἔτι
497 3209 560 3274 σοῦ
582 3209 805 3286 λαλοῦντσςι,
837 3209 949 3291 φησίν,
976 3206 1072 3288 »ἐρεῖ
1108 3201 1183 3274 ίδσῦ
1203 3197 1365 3290 πάρειμιι
1412 3197 1476 3291 όρα
1499 3201 1599 3275 τὸνῖῖ

260 3300 435 3394 άὴττητον
456 3299 598 3392 βοηθόν,
621 3301 684 3373 τὸν
706 3299 979 3390 ύπερασπίζσντα
1001 3297 1107 3390 ἡμῶν.
1148 3299 1209 3392 »μὴ
1230 3309 1398 3386 ξενίζεσθε
1413 3309 1601 3382 τσίνυν«,4

259 3399 277 3474 ό
300 3407 430 3492 Πέτρος
452 3409 549 3492 λέγει,
576 3410 635 3490 »τῇ
658 3405 695 3472 ἐν
717 3397 794 3490 ύμῖν
814 3401 963 3487 πυρώσει
985 3399 1071 3486 πρὸς
1094 3399 1280 3487 πειρασμὸν
1300 3399 1378 3488 ύμῖν
1394 3408 1562 3491 γινομένη,

259 3499 307 3585 ῶς
333 3509 432 3589 ξένου
457 3497 535 3591 ύμῖν
561 3509 818 3590 συμβαίνοντος.
850 3495 938 3572 άλλὰ
968 3499 1058 3570 καθὸ
1080 3517 1277 3570 κοινωνεῖτε
1302 3517 1374 3582 τοῖς
1397 3507 1460 3572 τοῦ
1483 3507 1563 3590 Χρι-

208 3614 242 3670 30
260 3607 342 3674 στοῦ
363 3598 548 3690 παθήμασι.
579 3609 720 3688 χαίρετε,
741 3603 796 3670 λ’να
817 3605 873 3670 καὶ
896 3604 933 3670 έν
956 3606 998 3688 τῇ
1019 3596 1231 3684 άπσκαλύψει
1254 3605 1315 3687 τῆς
1337 3595 1436 3690 δόξης
1459 3597 1565 3673 αύτσῦ

259 3707 382 3791 χαρῆτε
405 3697 659 3790 άγαλλιώμενοι.
701 3705 729 3770 εί
751 3695 953 3786 ὀνειδίζεσθε
976 3703 1014 3769 ἐν
1035 3693 1179 3786 όνύματι
1202 3703 1365 3784 Χριστοῦ,
1396 3695 1564 3784 μακάριοι,

260 3793 314 3871 ότι
345 3799 386 3873 τὸ
418 3805 477 3889 τῆς
507 3795 606 3888 δόξης
636 3805 691 3870 καὶ
718 3795 758 3868 τὸ
785 3805 849 3869 τοῦ
875 3803 958 3871 θεοῦ
982 3803 1114 3886 πνεῦμα
1136 3793 1193 3883 ἐφ’
1216 3793 1300 3884 ῦμᾶς
1322 3793 1561 3870 άναπαύεται·ι

262 3895 435 3986 »καθάπερ
457 3903 639 3988 γέγραπται
662 3891 715 3968 ὅτι
738 3898 851 3968 ἕνεκεν
878 3903 940 3970 σοῦ
965 3895 1210 3984 θανατούμεθα
1233 3889 1319 3986 ὅλην
1341 3896 1406 3986 τὴν
1428 3894 1564 3986 ἡμέραν,
1583 3919 1601 3972 5

259 4001 481 4086 ἐλογίσθημεν
510 3994 557 4080 ῶς
588 3993 743 4086 πρόβατα
773 4003 911 4085 σφαγῆς.
954 3991 1034 4068 ἀλλ’
1065 4000 1101 4066 ἐν
1132 3994 1268 4078 τούτοις
1298 4001 1401 4067 πᾶσιν
1431 3993 1564 4084 ῦπερνι-

209 4111 242 4167 35
259 4104 372 4184 κῶμεν
394 4095 449 4168 διὰ
470 4101 534 4167 τοῦ
555 4093 794 4185 ἀγαπήσαντος
817 4093 925 4188 ἡμᾶν

343 4333 416 4390 4-9
435 4333 663 4399 ίὶὸαι.8,28-3ίί
741 4331 1055 4398 11-181λδαι.8,244
1130 4331 1514 4398 18-211P0tr.3,14-17

260 4417 326 4473 221
346 4417 401 4486 νηί.
420 4417 518 4472 Matth.
537 4421 579 4486 26,
596 4423 628 4475 41
649 4419 749 4488 (Μετίτ.
768 4423 808 4484 14,
821 4421 863 4474 θθι
946 4417 1010 4474 w
1031 4417 1086 4488 vgl.
1106 4417 1203 4488 Ερίισε.
1220 4419 1290 4480 6,12
1371 4417 1411 4472 2ss
1429 4417 1482 4472 ίεε.
1496 4419 1566 4486 58,9

296 4500 410 4558 27-82
429 4501 525 4557 ίΡείτ.
543 4505 567 4568 4,
589 4505 687 4558 12-14
768 4503 883 4560 θθ-θέι
900 4501 977 4557 Rom.
996 4507 1020 4568 θ,
1038 4503 1096 4558 364
1110 4501 1192 4572 (Ριεί.
1210 4505 1251 4569 43,
1270 4505 1313 4570 ⁶23)

346 4721 383 4776 18
402 4716 547 4789 ὑπομονῆς
565 4723 613 4790 ,ίμο
632 4721 677 4776 σί).
695 4721 721 4776 δ
740 4721 776 4781 Ζ.)
796 4721 829 4774 L¹
