3738 5536
629 495 767 552 stromata
784 497 804 550 Ι.
827 498 891 570 Cap.
909 499 955 553 vl.
972 499 1013 564 ³3,
1025 497 1118 562 2-36,
1132 499 1154 550 1.
1510 498 1550 562 23

240 651 409 746 κάγαθίας
437 651 578 746 ῆνυσαν,
608 663 664 728 καί
686 650 729 730 αὖ
754 658 797 730 τά
823 663 960 734 ἐναντία
986 661 1017 732 οί
1044 665 1244 749 ἐπιτηδείως
1267 657 1392 747 φύντες
1415 654 1549 750 ἀμελείᾳ

220 751 398 844 ,γεγόνασι
418 763 523 828 κακοί.
568 755 665 842 φάσει
692 755 724 830 δ’
751 751 794 830 αὖ
819 759 1041 844 κοινωνικούς
1066 765 1121 830 καί
1149 767 1297 842 δικαίους
1319 755 1338 832 ό
1361 760 1442 844 θεὸς
1465 755 1550 850 ῆμᾶς

242 852 510 944 ἐδημιούργησεν.
554 849 639 928 ὅθεν
669 855 746 932 οὐδὲ
777 857 817 932 τό
849 868 980 933 δίκαιον
1010 864 1047 932 ἐκ
1077 857 1183 950 μόνης
1209 867 1389 948 φαίνεσθαι
1412 867 1472 951 τῆς
1494 865 1549 930 θέ·
1570 873 1646 939 85,1

243 977 330 1036 σεως
351 953 482 1044 ῥητέον,
504 961 542 1027 ἐκ
563 961 598 1028 δέ
622 963 682 1048 τῆς
704 963 847 1050 ἐντολῆς
874 955 1170 1048 ἀναζωπυρεῑσθαι
1193 957 1233 1030 τὸ
1256 965 1317 1049 τῆς
1339 966 1552 1050 δημιουργίας

206 1047 378 1141 ῖιάγαθὸν
399 1061 558 1144 νοητέον,
589 1055 734 1148 μαθήσει
763 1065 999 1150 παιδευθείσης
1021 1065 1081 1148 τῆς
1103 1065 1211 1148 ψυχῆς
1232 1063 1364 1132 ἐθέλειν
1387 1063 1552 1147 αἱρεῖσθαι

245 1150 286 1222 τό
312 1149 504 1228 κάλλιστον.
547 1153 635 1230 ἀλλὰ
659 1153 817 1248 καθάπερ
839 1167 894 1231 καὶ
916 1159 998 1230 ἄνευ
1019 1157 1223 1248 γραμμάτων
1245 1157 1370 1230 πιστόν
1391 1160 1477 1231 είναι
1499 1164 1588 1230 δυλ

245 1249 353 1325 νατόν
374 1281 494 1343 φαμεν,
526 1251 639 1340 οὕτως
660 1265 808 1330 συνιέναι
831 1259 874 1331 τά
895 1265 933 1332 ἐν
955 1267 997 1348 τῆ
1018 1267 1128 1330 πίστει
1152 1255 1313 1348 λεγόμενα
1335 1255 1395 1348 οόχ
1418 1255 1493 1331 οίόν
1515 1287 1553 1328 τε

243 1350 288 1440 μῆ
310 1349 470 1442 μαθόντα
496 1349 734 1446 ὁμολογοῦμεν.
778 1357 903 1447 τὰμὲν
926 1357 988 1448 γὰρ
1011 1350 1047 1428 εὖ
1073 1353 1237 1446 λεγόμενα
1263 1365 1477 1446 προσίεσθαι,
1510 1355 1552 1428 τὰ

245 1457 281 1522 δὲ
312 1448 473 1540 ἀλλότρια
502 1453 547 1544 μῆ
578 1463 778 1546 προσίεσθαι
809 1455 869 1548 οόχ
900 1453 1018 1540 ἀπλῶς
1044 1452 1064 1546 ῆ
1092 1466 1218 1539 πίστις,
1249 1453 1323 1528 ἀλλ’
1347 1453 1368 1546 ῆ
1389 1465 1467 1544 περὶ
1490 1455 1554 1546 τῆν

193 1566 228 1618 λυ
243 1547 394 1642 μάθησιν
414 1560 527 1636 πίστις
547 1557 684 1645 ἐμποιεῖ.
716 1563 745 1628 εί
766 1554 798 1630 δ’
822 1555 842 1648 ῆ
865 1557 984 1648 ἄγνοια
999 1553 1195 1628 ἀπαιδευσία
1211 1585 1247 1628 τε
1263 1549 1330 1644 άμα
1344 1565 1399 1628 καί
1416 1552 1552 1646 ἀμαθία.
1572 1573 1590 1626 8

246 1649 310 1740 τήν
332 1649 521 1744 ἐπιστήμην
542 1663 616 1726 τῶν
637 1663 747 1728 θείων
767 1664 822 1728 καί
849 1653 1086 1744 ἀνθρωπίνων
1107 1661 1284 1746 ἐντίθησιν
1306 1652 1326 1745 ῆ
1349 1661 1554 1728 διδασκαλία.

245 1747 318 1822 ἀλλ’
340 1749 389 1835 σός
412 1757 450 1824 ἐν
475 1759 575 1846 πενίᾳ
601 1762 678 1838 βίου
704 1751 821 1844 ὀρθῶς
848 1759 920 1827 ἐστι
941 1762 1046 1842 βιοῦν,
1069 1748 1161 1826 οὕτω
1185 1762 1220 1828 δὲ
1242 1763 1298 1826 καὶ
1319 1759 1356 1826 ἐν
1377 1761 1591 1844 περισυσίᾳί

245 1853 385 1937 ἔξεστιν,
416 1859 471 1924 καὶ
502 1854 588 1945 ῥᾷον
618 1847 685 1943 άμα
715 1863 771 1926 καί
801 1861 936 1928 θᾶττον
967 1853 1028 1926 οὖν
1051 1861 1094 1943 τῆ
1115 1861 1318 1944 προπαιδεία
1340 1861 1488 1944 θηρᾶσαι
1510 1851 1554 1924 ἀν

246 1977 322 2021 τινα
354 1949 418 2039 τῆν
448 1947 572 2042 ἀρετῆν
599 1948 832 2044 ὁμολογοῦμεν
862 1951 941 2027 οὐδὲ
971 1960 1045 2044 δίχα
1076 1952 1214 2026 τούτων
1236 1949 1417 2044 ἀθήρατον
1439 1943 1553 2034 οὖσαν,

195 2063 227 2114 15
245 2052 337 2140 πλήν
366 2058 421 2122 καί
458 2049 538 2124 τότε
570 2071 642 2137 τοις
675 2050 886 2144 μεμαθηκόσι
916 2059 970 2124 καί
1006 2053 1065 2124 »τὰ
1097 2051 1303 2144 αἰσθητήρια
1334 2077 1555 2144 συγγεγυμνα-

245 2155 429 2240 σμένοις«.Ι
451 2169 563 2241 »μίσος
583 2159 646 2240 μὲν
667 2149 760 2243 γάρι,
784 2159 887 2242 φησίν
909 2149 928 2222 ό
948 2153 1128 2242 Σολομαόν.
1154 2156 1288 2242 »ἐγείρει
1311 2173 1429 2236 νεῖκος,
1452 2147 1554 2234 όδοῦς
1571 2169 1692 2226 33er

245 2253 279 2318 δὲ
311 2253 398 2340 ζωῆς
429 2248 590 2336 φυλάσσει
620 2257 786 2334 παιδεία,«
821 2249 869 2335 σός
900 2251 944 2344 μῆ
974 2249 1209 2342 ἀπατηθῆναι,
1238 2249 1286 2336 σός
1306 2251 1351 2342 μῆ
1382 2259 1552 2342 κλαπῆναι

243 2348 330 2436 πρὸς
351 2355 425 2420 τῶν
446 2353 501 2421 ἐπὶ
521 2347 628 2440 βλάβη
647 2358 720 2424 τῶν
735 2347 965 2442 ἀκροωμένων
978 2361 1202 2442 κακοτεχνίαν
1216 2348 1426 2442 ἠσκηκότων.
1462 2373 1587 2428 »πονο

245 2455 316 2520 δεία
337 2455 373 2521 δὲ
394 2445 631 2540 ἀνεξέλεγκτος
652 2457 853 2536 πλανᾶται,ι
879 2458 991 2541 φησίν,
1013 2459 1069 2522 καὶ
1089 2450 1152 2540 χρῆ
1174 2469 1321 2540 μετεῖναι
1344 2451 1384 2524 τό
1407 2455 1551 2540 ἐλεγκτι-

192 2558 228 2609 ·-ὐ
244 2545 306 2618 κόν
337 2549 425 2632 είδος
460 2551 556 2621 ἕνεκα
587 2555 650 2622 τοῦ
680 2549 742 2633 τάς
772 2548 872 2640 δόξας
901 2551 963 2632 τὰς
993 2547 1170 2638 ἀπατηλάς
1205 2549 1442 2638 διακρούεσθαι
1478 2557 1552 2620 τῶν

245 2655 429 2736 σοφιστῶν.

329 2739 377 2820 Εὖ
407 2755 490 2836 γοῦν
519 2753 575 2820 καί
603 2745 801 2839 Ἀνάξαρχος
823 2745 842 2822 ό
864 2747 1108 2839 Εὐδαιμονικὸς
1138 2755 1174 2821 ἐν
1204 2755 1257 2838 τῷ
1283 2757 1358 2836 περὶ
1384 2754 1550 2832 βασιλείας
1568 2762 1644 2828 σοι

246 2845 377 2937 γράφει·
415 2855 628 2938 επολυμαθίη
664 2847 774 2936 κάρτα
811 2855 874 2940 μὲν
909 2847 1052 2938 ιδφελεῐ,
1091 2847 1198 2936 κάρτα
1237 2853 1273 2918 δέ
1307 2847 1450 2934 βλάπτει
1486 2845 1550 2918 τὸν

246 2951 379 3036 ἔχοντα·
416 2945 560 3037 ω’φελέει
589 2953 650 3036 μὲν
676 2947 740 3020 τόν
760 2949 872 3037 δεξιόν
893 2943 988 3033 ὄντα,
1010 2947 1153 3036 βλάπτει
1175 2953 1210 3019 δέ
1233 2945 1296 3018 τὸν
1317 2949 1456 3036 ῥηιδίως
1478 2975 1550 3034 φω-

192 3063 227 3114 2‘5
246 3053 370 3118 νέοντα
395 3053 466 3120 πᾶν
493 3051 573 3132 ἔπος
594 3055 650 3119 καί
672 3051 710 3120 ἐν
731 3055 835 3120 παντί
859 3045 963 3140 δήμῳ.
1004 3047 1068 3138 χρῆ
1090 3055 1125 3120 δέ
1146 3055 1265 3134 καιροῦ
1286 3053 1392 3138 μέτρα
1413 3051 1549 3118 εἰδέναι·

246 3154 366 3237 σοφίης
401 3146 463 3236 γάρ
495 3138 597 3230 οὗτος
627 3145 716 3236 όρος.
764 3141 838 3220 όσοι
871 3153 907 3218 δὲ
937 3155 993 3218 καὶ
1024 3145 1168 3236 θόρησιν
1197 3144 1376 3221 ἀείδουσιν,
1407 3141 1472 3234 κῆν
1502 3173 1549 3232 πη

331 3327 367 3384 11
387 3326 442 3397 vgl.
461 3329 541 3384 Λυσι.
560 3347 594 3384 τυ
611 3327 693 3384 pm
711 3327 736 3380 ΙΙ
759 3327 835 3390 25.3
922 3327 985 3384 151
1001 3325 1056 3398 vgl.
1074 3327 1157 3382 Hebr.
1175 3330 1199 3389 5,
1219 3329 1252 3382 14
1333 3325 1446 3382 Ῑδ-Ῑθ
1469 3325 1548 3380 Ρτου.

247 3413 285 3480 10,
305 3411 364 3466 12⁸.
383 3413 415 3465 17
494 3413 559 3468 w
574 3411 792 3482 υς1.8ίστιιίτεσίι
811 3412 908 3468 Gnom.
922 3411 1010 3466 λιθία
1028 3413 1079 3468 469
1166 3409 1264 3468 28-8.
1280 3411 1359 3474 w
1378 3413 1465 3464 Anu.
1479 3408 1521 3463 Fr.
1535 3411 1548 3462 1

245 3495 320 3550 Diels
341 3494 466 3552 Vonokr.
484 3497 548 3560 479;
566 3497 621 3566 vgl.
641 3497 770 3566 Βοτοαγε,
788 3495 848 3552 Gon.
862 3497 955 3552 ΑΒΜ
976 3515 1001 3568 p.
1017 3497 1162 3562 123-1253
1184 3495 1283 3566 Bergk,
1296 3494 1393 3566 opusc„
1406 3495 1431 3548 11
1450 3493 1499 3548 293
1509 3511 1549 3562 sq.

331 3649 345 3702 λ
375 3649 500 3704 συνιέναι
521 3647 640 3704 Ησεσίεεί
667 3655 791 3706 συνεῖναι
814 3649 834 3702 L
917 3649 955 3704 10
981 3649 1073 3704 πίστιν
1095 3645 1220 3716 μάθησις
1242 3647 1273 3702 st
1352 3645 1380 3702 εί
1396 3639 1423 3700 δ’
1442 3647 1469 3714 η]
1487 3645 1503 3714 η
1522 3639 1551 3698 δ’

244 3733 291 3786 δία
309 3723 371 3788 οὐδ’
390 3731 435 3786 wi
518 3733 553 3788 ll
573 3729 717 3802 ἐντίθησιν
734 3733 749 3802 η
764 3733 928 3788 διδασκαλία
940 3731 1058 3788 Jaeknon
1072 3729 1197 3800 ἐντίθησι
1215 3738 1249 3800 τῆ
1267 3731 1430 3806 διδασκαλίᾳ
1450 3731 1470 3784 L

247 3817 283 3872 15
302 3813 471 3888 αίσθητήρια
489 3817 523 3870 Ῑιί
542 3814 723 3890 αίσθηταίρια
741 3817 777 3872 L·
856 3817 895 3872 ⁶22
915 3813 931 3872 δ
952 3813 1154 3886 Εὐδαιμονικὸς
1173 3815 1290 3870 Busche}
1308 3813 1511 3882 είδαιμονικῶς
1527 3813 1548 3868 L

290 3901 330 3957 28
348 3901 512 3970 πολυμαθίη
530 3901 754 3964 Stob.1='lor.34.
772 3903 803 3958 19
821 3901 1039 3970 πολυμαθείηῐι
1116 3897 1234 3968 ὠφελέει
1248 3899 1322 3954 stab.
1403 3898 1468 3954 ’ΖΜ
1488 3895 1550 3966 [τόν

244 3981 357 4056 ἔχοντα]
377 3985 466 4056 Bergk
544 3985 583 4041 24
597 3983 647 4040 τόν
658 3985 750 4053 δεξιὸν
762 3986 837 4042 stob.
850 3985 931 4042 τόνδε
944 3979 1058 4052 ἀξιονῐι
1139 3979 1407 4056 ὄντα1ίίνδρα8ίοί).
1488 3981 1553 4038 241

244 4070 403 4140 φανέοντα]
422 4075 570 4138 φωνεῦντα
583 4069 649 4124 oder
663 4078 814 4140 φωνοῦντα
832 4071 907 4126 stob.
987 4070 1026 4125 25
1043 4069 1093 4124 καί
1105 4065 1136 4124 ἐν
1148 4069 1223 4124 Stob.
1241 4063 1268 4124 κ’
1279 4065 1311 4124 ἐν
1328 4067 1350 4122 Ῑι
1420 4067 1459 4122 28
1472 4061 1549 4138 δρας]

244 4148 333 4228 οὖρος
351 4155 442 4225 Bergk
522 4149 586 4210 ὅσοι
604 4151 643 4226 δέ]
666 4151 694 4212 οἳ
712 4153 761 4223 (σί)
779 4155 809 4212 δέ
827 4155 894 4210 oder
910 4151 937 4210 εί
954 4151 984 4210 δέ
1002 4149 1030 4209 σί
1047 4153 1123 4208 Stob.
1210 4152 1274 4210 2⁶1
1288 4153 1337 4208 καί
1355 4151 1484 4220 θίρηισιν
1502 4153 1550 4220 (θῦ

244 4239 326 4310 ῥῆσιν
341 4239 449 4296 Monac.
463 4243 514 4298 479
532 4239 626 4294 Οίίοίτ.
643 4241 684 4300 94.
702 4238 789 4295 daher
804 4241 878 4295 θεοῦ
895 4237 976 4310 δῆσεν
993 4237 1029 4308 Sy
1039 4237 1083 4304 Di)
1101 4234 1249 4302 ἀείδουσιν,
1270 4229 1332 4306 κήν
1354 4255 1392 4305 πη
1414 4235 1441 4304 (ἢ
1460 4233 1493 4304 ῆν
1512 4253 1549 4304 πη

248 4323 291 4392 vi)
313 4323 492 4394 πεπνυμένην
514 4327 555 4381 ίεο
578 4324 612 4378 11¹
635 4323 678 4378 fiir
701 4320 905 4392 πεπνευμένην)
927 4319 1057 4378 δείδωσιν
1076 4321 1097 4376 L
1119 4315 1172 4386 ἔξω
1189 4329 1291 4394 καιροῦ
1309 4319 1391 4390 ῥῆσιν
1413 4322 1550 4390 μουσικὴν

244 4407 428 4478 πεπνυμένος
455 4406 588 4466 δείσωσιν
617 4405 766 4473 (ἀείρουσιν
791 4407 819 4462 Μ
850 4403 993 4462 ἀείσοισιν
1015 4407 1050 4470 Α)
1077 4405 1152 4460 Stob.
1172 4404 1233 4459 ΗΕΒ
1262 4401 1316 4471 ἐξω
1341 4413 1445 4478 καιροῦ
1470 4403 1550 4474 ῥῆσιν

245 4495 381 4563 μουσικήν
408 4493 573 4562 (ἀείδουσιν,
599 4491 659 4562 κῆι·Ι
696 4489 880 4560 πεπνυμένος
906 4489 1038 4546 δείσωσιν
1063 4490 1152 4546 Hense
1182 4491 1231 4545 καί
1256 4488 1375 4560 θύρῃσιν
1401 4485 1550 4556 ἀείδουσιν,

245 4575 333 4650 ἥνπερ
351 4577 516 4647 πεπνυμένα
534 4573 665 4634 δείσωσιν
683 4577 803 4644 Βετοιγε
822 4569 889 4640 (ἔξω
901 4581 1016 4644 καιροί·ἲ
1035 4571 1155 4642 θύρῃσιν
1172 4569 1302 4640 ἀείδουσι,
1321 4573 1373 4642 κῆν
1385 4571 1550 4642 πεπνυμένα

245 4658 377 4718 ιἐἀσσισιν
396 4663 486 4732 Bergk
