3784 5532
672 1443 1163 1540 ΚΛΗΜΕΝΤΟΣ

532 1651 952 1735 ΣΤΡΩΜᾸΤΕΩΝ
983 1652 1289 1734 ΔΕΥΤΕΡΟΣ

341 1849 363 1917 Ι.
391 1839 484 1934 Ἑξῆς
505 1839 539 1914 δ’
562 1839 604 1914 ἀν
627 1845 676 1931 είη
697 1846 876 1930 διαλαβεῖν,
898 1845 969 1912 ἐπεί
995 1849 1177 1924 εκλέπταςι
1203 1847 1265 1932 τῆς
1285 1841 1456 1932 βαρβάρου
1470 1854 1565 1932 φιλο·
1585 1855 1641 1918 1.1

258 1951 380 2032 σοφίας
394 1937 560 2032 Ἕλληνας
587 1943 672 2013 είναι
699 1959 884 2032 προσεῖπεν
911 1936 930 2030 ή
959 1939 1087 2030 γραφή,
1119 1935 1215 2023 ὅπως
1241 1947 1345 2014 τοῦτο
1369 1939 1414 2014 δι’
1437 1937 1565 2033 ὀλίγων

224 2039 479 2133 σδειχθήσεται.
522 2037 563 2114 οά
593 2040 656 2131 γάρ
685 2038 794 2132 μόνον
825 2039 868 2112 τὰ
898 2037 1075 2127 παράδοξα
1105 2046 1180 2110 τῶν
1205 2037 1288 2126 παρ’
1312 2037 1390 2130 ήμῖν
1411 2045 1564 2132 ἱστορου-

257 2149 371 2234 μένων
400 2139 692 2232 ἀπομιμουμένους
721 2137 937 2230 ἀναγράφειν
963 2137 1089 2224 αὐτοὺς
1115 2137 1389 2230 παραστήσομεν,
1419 2141 1505 2231 πρὸς
1528 2149 1564 2215 δέ
1581 2159 1666 2217 4291)

259 2243 302 2313 τά
323 2241 519 2330 κυριώτατα
541 2247 615 2312 τῶν
637 2238 818 2330 δογμάτων
840 2245 1134 2328 σκευωρουμένους
1155 2247 1210 2310 καί
1230 2238 1564 2330 παραχαράσσοντας,

258 2347 535 2431 προγενεστέρων
557 2337 671 2412 οὐσῶν
693 2347 767 2412 τῶν
787 2337 871 2428 παρ’
894 2335 972 2430 ἡμῖν
993 2347 1145 2428 γραφῶν,
1169 2336 1216 2422 ῶς
1238 2335 1471 2430 ἀπεδείξαμεν,
1502 2349 1564 2413 διε-

259 2447 418 2530 λέγξομεν
449 2444 485 2512 ἐν
516 2469 552 2512 τε
585 2458 658 2522 τοῖς
688 2447 767 2528 περί
793 2449 941 2521 πίστεως
967 2447 1045 2528 περί
1067 2467 1105 2510 τε
1126 2447 1247 2527 σοφίας
1269 2439 1427 2530 γνῶσεῶς
1450 2471 1486 2512 τε
1509 2450 1564 2512 καί

207 2557 241 2608 10
259 2537 444 2628 ἐπιστήμης
471 2544 608 2621 ἐλπίδος
635 2568 673 2612 τε
699 2547 755 2610 καί
783 2537 915 2628 ἀγάπης
935 2545 1013 2626 περί
1035 2567 1073 2608 τε
1093 2548 1273 2623 μετανοίας
1294 2546 1349 2612 καί
1371 2543 1565 2628 ἐγκρατείας

257 2645 312 2710 καί
334 2639 376 2728 δή
398 2645 453 2709 καί
476 2638 586 2726 φόβου
607 2645 692 2711 θεοῦ
712 2645 849 2728 (σμῆνος
869 2634 1021 2727 ἀτεχνῶς
1044 2645 1117 2708 τῶν
1139 2635 1300 2728 ἀληθείας
1317 2635 1460 2726 ἀρετῶν,
1477 2633 1598 2730 <03v>2

259 2731 320 2810 ὅσα
347 2765 382 2828 γε
404 2735 582 2828 ἀπαιτήσει
603 2735 624 2828 ή
647 2738 734 2810 κατὰ
758 2738 821 2810 τὸν
842 2733 954 2808 τόπον
976 2736 1040 2808 τὸν
1061 2745 1284 2824 προκείμενον
1305 2733 1562 2828 δποσημείωσις,

258 2835 559 2928 περιληφθήσεται)
582 2845 638 2909 καί
661 2833 709 2920 ῶς
731 2835 774 2908 τὰ
796 2832 941 2922 μάλιστα
961 2835 1002 2906 τὸ
1022 2841 1305 2926 ἐπικεκρυμμένον
1319 2843 1381 2926 τῆς
1394 2835 1564 2928 βαρβάρου

259 2944 476 3024 φιλοσοφίας,
508 2937 549 3008 τὸ
572 2935 775 3026 συμβολικὸν
798 2942 903 3008 τοῦτο
925 2943 980 3006 καί
1003 2940 1246 3025 αἰνιγματῶδες
1267 2937 1369 3020 είδος,
1391 2935 1564 3026 ἐζήλωσαν

207 3052 241 3106 ιο
258 3041 291 3108 οί
320 3043 562 3126 πραγματικῶς
593 3035 636 3108 τά
670 3043 744 3108 τῶν
775 3031 923 3124 ἀρχαίων
954 3033 1261 3124 φιλοσοφήσαντες,
1291 3037 1560 3124 χρησιμώτατον,

257 3143 390 3226 μᾶλλον
420 3141 456 3208 δέ
487 3133 760 3226 ἀναγκαιότατον
792 3143 834 3224 τῇ
865 3135 985 3224 γνῶσει
1014 3141 1076 3225 τῆς
1106 3133 1268 3225 ἀληθείας
1297 3132 1459 3224 ὑπάρχον.
1506 3141 1560 3207 ἐπί
1579 3153 1635 3216 2,1

259 3235 396 3318 τούτοις
427 3231 625 3308 ἀκόλουθον
659 3237 750 3324 οίμαι
784 3233 868 3324 ὑπὲρ
900 3226 951 3306 ῶν
980 3241 1245 3324 κατατρέχουσιν
1280 3231 1377 3325 ήμῶν
1400 3229 1561 3326 Ἕλληνες

258 3331 538 3426 ἀπολογήσασθαι
569 3330 697 3424 ὀλίγαις
723 3341 976 3426 συγχρωμένους
1002 3353 1159 3424 γραφαῖς,
1192 3339 1222 3406 εἴ
1241 3363 1317 3418 πως
1339 3331 1443 3426 ήρέμα
1464 3331 1560 3407 καὶὸ

257 3431 415 3518 Ἰουδαῖος
441 3438 572 3507 ἐπαίων
598 3439 796 3524 ἐπιστρέψαι
823 3439 985 3524 δυνηθείη
1012 3439 1047 3520 ἐξ
1074 3425 1126 3504 ῶν
1152 3439 1347 3506 ἐπίστευσεν
1369 3441 1415 3516 είς
1436 3429 1478 3506 ὃν
1500 3431 1561 3506 οὐκ

206 3550 241 3606 20
258 3537 459 3606 ἐπίστευσεν.
503 3539 688 3620 διαδέξεται
718 3541 754 3604 δὲ
784 3531 924 3616 είκότως
955 3533 1036 3616 τούς
1066 3541 1240 3622 γενναίους
1262 3541 1337 3605 τῶν
1358 3533 1598 3622 φιλοσόφωνβ

259 3635 391 3722 ἔλεγχος
414 3629 622 3722 ἀγαπητικὸς
645 3641 707 3706 τοῦ
729 3643 803 3718 βίου
825 3661 860 3703 τε
883 3630 1000 3704 αὐτῶν
1022 3640 1076 3704 καί
1097 3639 1156 3722 τῆς
1171 3629 1332 3720 εὑρέσεως
1346 3641 1420 3705 τῶν
1433 3641 1562 3706 καινῶν

258 3729 453 3822 δογμάτων,
476 3729 538 3804 οάκ
557 3741 562 3820 Ι
580 3729 804 3822 ἀμυνομένων
826 3729 925 3822 ήμῶν
947 3731 1027 3812 τούς
1048 3731 1261 3820 κατηγόρους
1283 3740 1428 3818 (πολλοῦ
1450 3761 1486 3822 γε
1507 3741 1563 3804 καί
1581 3745 1659 3802 1558

258 3839 315 3911 δεῖ,
339 3831 419 3913 τούς
441 3827 593 3922 εὐλογεῖν
614 3830 853 3922 μεμαθηκότας
876 3831 956 3914 τοὺς
974 3839 1243 3923 καταρωμένους,
1265 3829 1330 3902 κᾶν
1345 3829 1563 3922 βλασφήμους

257 3938 366 4014 κενῶς
387 3937 627 4018 καταφέρωσιν
650 3927 747 4021 ήμῶν
769 3927 913 4020 λόγους),
936 3926 1011 4002 ἀλλ’
1034 3937 1080 4014 είς
1102 3931 1315 4020 ἐπιστροφήν
1338 3931 1402 4020 τὴν
1424 3936 1564 4003 ἐκείνων

204 4047 239 4104 25
258 4026 389 4114 αάτῶν,
425 4033 455 4101 εί
483 4059 559 4114 πως
594 4037 849 4120 ίπαισχυνθεῖεν
883 4033 917 4100 οί
946 4027 1119 4116 πάνσοφοι
1149 4027 1194 4102 δι’
1226 4035 1365 4120 ἐλέγχου
1395 4029 1564 4118 βαρβάρου

258 4135 569 4218 σωφρονισθέντες,
601 4127 648 4212 ῶς
670 4137 786 4202 διιδεῖν
808 4125 872 4216 ἀφέ
895 4136 979 4218 γοῦν
1000 4135 1202 4218 δυνηθῆναι,
1234 4126 1338 4200 ὁποῖα
1360 4128 1425 4218 ἀρα
1447 4135 1496 4218 εἴη
1520 4129 1563 4200 τὰ

257 4227 456 4320 μαθήματα,
486 4225 544 4317 ἐφ’
567 4227 588 4300 ά
610 4237 812 4302 στέλλονται
844 4227 904 4310 τὰς
935 4225 1123 4318 ἀποδημίας
1155 4229 1215 4310 τὰς
1241 4235 1467 4312 διαποντίους.
1511 4221 1600 4300 ῶνῖλ

343 4401 361 4454 8
381 4399 435 4468 vgl.
454 4399 515 4454 Joh.
534 4399 574 4466 10,
591 4401 609 4456 8
690 4401 708 4456 8
727 4399 782 4468 vgl.
800 4399 897 4453 Strom.
916 4398 928 4452 1
948 4395 1029 4452 101ff
1109 4399 1142 4454 ll
1164 4403 1271 4466 σμῆνος
1288 4395 1399 4470 ἀρετῶν
1416 4417 1464 4454 αυτ
1483 4399 1562 4456 Plato

257 4483 358 4540 Menon
376 4501 400 4556 p.
420 4485 489 4540 m
570 4483 609 4540 2⁸
634 4483 689 4554 vgl.
708 4483 775 4538 Luk.
794 4487 818 4548 6,
836 4485 869 4538 28
887 4483 997 4550 (Matth.
1016 4485 1040 4546 δ,
1057 4485 1101 4547 λλ)

343 4627 480 4704 Helm]
498 4635 530 4688 st
609 4643 745 4706 προεῖπεν
762 4633 888 4690 Διοετίυε
967 4634 1002 4690 ll
1028 4623 1096 4698 ιάινὲ
1116 4631 1163 4686 wi
1245 4633 1282 4688 12
1306 4651 1339 4704 γε
1357 4633 1405 4688 Hs
1425 4635 1496 4690 τείι

258 4719 295 4774 21
316 4715 523 4790 ἀνατρεπτικδς
540 4717 620 4774 θοίνα

313 4803 423 4848 elenen·
438 4805 468 4848 11.
1356 4799 1374 4854 8
