3726 5528
577 541 715 596 stromta
733 541 779 596 lv.
802 541 869 613 Cap.
882 541 953 598 xxi.
973 543 1186 608 131,1-134‚4.
1472 549 1531 612 307

228 701 291 774 τόν
312 702 542 792 καταρτισμὸν
563 711 637 776 τῶν
658 699 766 794 όγίων
789 709 834 788 είς
857 707 956 794 ἔργον
979 711 1164 786 διακονίας,
1196 707 1242 786 είς
1263 703 1447 794 οἰκοδομήν
1470 709 1533 776 τοῦ

226 803 384 892 σώματος
405 809 469 875 τοῦ
492 809 655 894 Χριστοῦ,
677 807 770 892 μέχρι
792 801 1059 894 καταντήσωμεν
1080 799 1208 886 πάντες
1230 809 1277 888 είς
1300 803 1363 892 τήν
1385 799 1532 892 ἑνότητα

227 910 287 994 τῆς
313 911 461 988 πίστεως
486 911 543 976 καί
569 909 631 994 τής
653 906 868 992 ἐπιγνώσεως
891 909 954 974 τοῦ
974 906 1050 974 υίοῦ
1071 909 1134 974 τοῦ
1156 909 1253 986 θεοῦ,
1285 908 1330 985 είς
1353 901 1458 990 ἄνδρα
1481 907 1531 972 τέ·

226 1012 327 1084 λειον,
350 1007 396 1084 είς
417 1007 543 1092 μέτρον
564 997 695 1092 ήλικίας
717 1008 780 1074 τοῦ
801 1003 1030 1092 πληρώματος
1053 1007 1115 1072 τοῦ
1138 1009 1317 1090 Χριστοῦ,ι
1347 1007 1531 1074 σπευστέον

191 1099 483 1194 σάπανδροῦοθαι
514 1109 714 1192 γνωστικῶς
746 1109 802 1174 καί
833 1109 1044 1174 τελειοῦσθαι
1076 1097 1124 1184 ῶς
1155 1095 1210 1174 ότι
1240 1099 1383 1190 μάλιστα
1415 1106 1463 1172 ἐτι
1494 1107 1531 1170 ἐν

225 1209 321 1290 σαρκί
351 1207 621 1290 καταμένοντας,
652 1204 690 1274 ἐκ
716 1207 776 1290 τής
806 1208 936 1284 τελείας
966 1203 1104 1272 ἐνθένδε
1131 1195 1368 1292 ὁμοφροσύνης
1394 1197 1530 1290 μελετή-

224 1323 350 1384 σαντας
380 1307 578 1390 συνδραμεῖν
608 1307 660 1390 τῷ
690 1297 857 1390 θελήματι
888 1305 951 1372 τοῦ
983 1307 1067 1372 θεοῦ
1093 1305 1139 1384 είς
1166 1301 1231 1392 τήν
1252 1297 1529 1374 ἀποκατάστασιν

224 1406 285 1492 τής
316 1407 367 1490 τῷ
399 1393 475 1472 όντι
506 1407 636 1482 τελείας
665 1395 831 1489 εῦγενείας
862 1407 980 1472 τεκαὶ
1006 1409 1197 1490 συγγενείας
1223 1405 1270 1482 είς
1297 1399 1337 1472 τό
1359 1397 1529 1490 πλήρωμα

225 1507 288 1572 τοῦ
310 1504 461 1588 Χριστοῦ
486 1497 526 1570 τό
553 1503 590 1570 ἐκ
616 1505 847 1588 καταρτισμοῦ
878 1507 1015 1584 τελείως
1045 1495 1306 1590 ἀπηρτισμένου.
1348 1495 1412 1590 ήδη
1432 1511 1565 1570 ovam-2

173 1617 207 1670 10
224 1606 338 1688 ρῶμεν
368 1591 436 1686 όπη
466 1605 521 1668 καί
552 1591 649 1682 ὅπως
681 1606 738 1672 καὶ
768 1593 874 1670 ὁπότε
905 1593 924 1670 ό
955 1609 1048 1682 θεῖος
1079 1593 1273 1682 ἀπόστολος
1303 1597 1367 1671 τόν
1397 1605 1528 1672 τέλειον

224 1704 392 1788 λέγεικαὶ
419 1695 467 1782 ῶς
494 1705 634 1770 τελείων
660 1701 812 1790 ἐμφαίνει
839 1695 1011 1788 διαφοράς.
1053 1695 1159 1770 πάλιν
1185 1727 1223 1770 τε
1245 1691 1287 1770 αῦ
1311 1695 1460 1787 »ἑκάστῳ
1483 1705 1565 1772 δίε

223 1803 321 1870 δοται
348 1793 368 1888 ή
395 1803 583 1888 φανέρωσις
612 1803 676 1870 τοῦ
705 1797 897 1886 πνεύματος
923 1795 1009 1886 πρός
1037 1797 1076 1870 τό
1103 1803 1282 1886 συμφέρον.
1326 1789 1355 1888 ᾧ
1382 1797 1527 1890 μὲνγὰρ

223 1902 353 1970 δίδοται
384 1895 438 1970 διό
468 1903 530 1969 τοῦ
560 1893 753 1986 πνεύματος
779 1893 881 1988 λόγος
907 1905 1041 1986 σοφίας,
1074 1895 1169 1986 ἄλλῳ
1192 1901 1227 1968 δὲ
1248 1893 1349 1986 λόγος
1370 1899 1528 1985 γνώσεως

221 1995 310 2068 κατὰ
336 1993 377 2068 τό
404 1993 488 2068 αῦτό
514 2001 660 2084 πνεῦμα,
691 1997 796 2086 ἑτέρῳ
823 2005 936 2082 πίστις
962 2001 1001 2068 ἐν
1026 2003 1078 2088 τῷ
1102 1991 1197 2088 αδτῴ
1219 1994 1398 2083 πνεύματι,
1430 1995 1527 2088 ἄλλῳ

173 2111 205 2166 1ο
223 2101 258 2168 δὲ
286 2103 475 2186 χαρίσματα
500 2091 657 2186 ἰαμάτων
683 2097 720 2166 ἐν
743 2103 794 2186 τῶ
817 2093 913 2186 αῦτῶ
935 2094 1113 2188 πνεύματι,
1146 2095 1241 2186 ἄλλῳ
1262 2101 1297 2166 δὲ
1320 2093 1527 2186 ἐνεργήματα

222 2193 410 2286 δυνάμεων,
438 2193 532 2284 ἄλλῳ
553 2201 752 2284 προφητεία,
783 2193 879 2285 ἄλλῳ
902 2193 1062 2286 διάκρισις
1083 2192 1300 2285 πνευμάτων,
1323 2195 1428 2286 ἑτέρῳ
1448 2199 1525 2283 γένη

222 2301 397 2382 γλωσσῶν,
421 2292 516 2384 ἄλλῳ
540 2299 574 2366 δὲ
596 2295 754 2384 ἑρμηνεία
776 2303 953 2384 γλωσσῶν·
981 2305 985 2377 ἶ
1012 2292 1127 2368 πάντα
1150 2303 1184 2368 δὲ
1209 2301 1316 2368 ταῦτα
1338 2299 1464 2382 ἐνεργεῖ
1485 2293 1525 2366 τό
1542 2307 1627 2366 626?

221 2397 260 2466 ἐν
279 2402 335 2466 καί
357 2391 398 2465 τό
420 2389 504 2466 αῦτὸ
526 2399 667 2483 πνεῦμα,
689 2397 842 2482 διαιροῦν
862 2399 930 2488 ἐδίρ
951 2391 1082 2483 ἑκάστῳ
1105 2397 1224 2478 καθῶς
1245 2391 1426 2478 βούλεται(
1474 2383 1525 2464 ῶν
1547 2410 1639 2476 1⁸⁸‚1

221 2486 334 2576 οῦτως
355 2489 510 2582 ἐχόντων
532 2497 564 2566 οί
585 2498 646 2582 μὲν
667 2499 844 2582 προφῆται
865 2497 903 2564 ἐν
924 2501 1117 2586 προφητείη
1139 2500 1272 2569 τέλειοι.
1295 2497 1326 2565 οί
1350 2499 1473 2566 δίκαιοι
1489 2497 1523 2564 δέ

170 2607 204 2662 20
221 2598 258 2666 ἐν
281 2591 475 2680 δικαιοσύνη
497 2601 553 2663 καὶ
575 2596 607 2664 οί
629 2589 794 2681 μάρτυρες
820 2597 858 2663 ἐν
881 2588 1058 2686 ὁμολογία,
1091 2591 1189 2666 άλλοι
1212 2599 1247 2664 δὲ
1269 2597 1306 2664 ἐν
1327 2589 1522 2682 κηρύγματι,

220 2689 281 2764 οῦκ
318 2690 476 2782 άμέτοχυι
510 2699 573 2782 μὲν
609 2699 682 2764 τῶν
715 2699 845 2764 κοινῶν
874 2688 1021 2780 άρετῶν,
1058 2698 1311 2778 κατορθοῦντες
1342 2697 1376 2762 δὲ
1407 2695 1444 2762 έν
1474 2691 1525 2773 οῖς

219 2789 425 2882 ἐτάχθησαν·
456 2795 527 2862 ἐπεὶ
550 2798 602 2874 τίς
624 2787 667 2862 άν
689 2784 725 2864 εῦ
748 2799 890 2882 φρονῶν
914 2797 1003 2864 εἴποι
1024 2791 1088 2864 τόν
1109 2789 1293 2881 προφήτην
1314 2787 1355 2862 οῦ
1378 2796 1524 2872 δίκαιον·

219 2889 353 2980 τί.γάρ,·
375 2887 450 2980 οῦχὶ
471 2897 526 2962 καί
549 2895 581 2964 οί
603 2895 726 2964 δίκαιοι
749 2888 863 2978 ῶσπερ
886 2887 1033 2982 Ἀβραὰμ
1053 2889 1326 2982 προεφήτευσαν;

450 3057 546 3150 ἄλλῳ
567 3064 629 3148 μὲν
651 3057 712 3150 γάρ
735 3059 838 3128 ἔδωκε
863 3057 944 3142 θεός
964 3055 1132 3148 πολεμήια
1154 3061 1241 3146 ἔργα.
1512 3059 1515 3066 “
1540 3073 1558 3128 θ

166 3169 200 3224 25
449 3157 543 3248 ἄλλῳ
566 3152 600 3228 δ’
622 3151 798 3246 όρχηστῦν,
823 3159 927 3248 ἑτέρῳ
948 3164 1085 3246 κίθαριν
1106 3163 1160 3228 καί
1184 3153 1311 3246 ἀοιδήν.

210 3320 352 3415 Ὅμηρος
383 3331 479 3413 λέγει.
524 3321 616 3397 »ἀλλ’
647 3324 786 3406 ἕκαστος
817 3329 905 3397 ἴδιον
935 3329 998 3414 ἔχει
1023 3321 1166 3414 χάρισμα
1192 3321 1261 3396 άπὸ
1288 3331 1384 3398 θεοῦ.
1417 3317 1436 3394 ό
1462 3331 1560 3412 μὲνέ

218 3419 339 3508 οῦτως,
363 3419 382 3496 ό
405 3431 440 3496 δὲ
463 3417 607 3508 ogram
632 3429 665 3496 οί
687 3421 875 3496 άπόστολοι
897 3429 933 3495 δέ
955 3429 992 3496 ἐν
1013 3429 1096 3496 πᾶσι
1117 3429 1385 3514 πεπληρωμένοι
1429 3421 1521 3512 εῦρή·
1543 3439 1636 3506 ιέῌ

218 3551 285 3608 σεις
315 3531 411 3614 γοῦν,
443 3521 487 3614 ἢν
517 3521 676 3612 θελήσης,
708 3527 744 3594 ἐκ
778 3531 848 3596 τῶν
877 3519 1036 3610 πράξεων
1064 3529 1120 3594 καί
1152 3529 1227 3594 τῶν
1256 3521 1523 3612 συγγραμμάτων

218 3623 335 3696 αὐτῶν
364 3624 430 3714 τήν
459 3631 599 3714 γνῶσιν,
631 3621 694 3694 τόν
723 3631 811 3708 βίον,
843 3621 884 3694 τό
910 3619 1073 3712 κήρυγμα,
1105 3619 1170 3711 τήν
1197 3621 1426 3712 δικαιοσύνην,
1458 3621 1521 3712 τήν

165 3745 200 3800 30
217 3719 362 3814 άγνείαν,
394 3723 458 3814 τήν
479 3729 703 3812 προφητείαν.
745 3729 860 3794 ίστέον
885 3729 1002 3812 μέντοι
1025 3715 1093 3804 ότι,
1124 3727 1153 3792 εἰ
1173 3729 1229 3794 καὶ
1251 3719 1270 3792 ό
1293 3727 1426 3804 Παῦλος
1448 3735 1556 3804 τοιςθ

216 3819 352 3912 χρόνοις
374 3823 490 3910 νεάζει,
514 3819 643 3904 εὐθέως
664 3821 749 3912 μετὰ
770 3819 835 3910 τήν
857 3827 919 3892 τοῦ
940 3829 1058 3909 κυρίου
1079 3815 1250 3908 άνάληφιν
1265 3817 1421 3910 άκμάσας.
1445 3819 1518 3893 άλλ’

217 3915 280 3994 οῦν
302 3919 322 4014 ή
345 3922 455 4012 γραφή
477 3919 570 4012 αῦτῷ
593 3925 630 3992 ἐκ
651 3927 711 4010 τῆς
733 3927 879 4002 παλαιᾶς
907 3917 1050 4010 ἤρτηται
1076 3919 1255 4010 διαθήκης,
1287 3925 1420 3992 ἐκεῖθεν
1441 3917 1520 3992 άνα-

216 4029 364 4094 πνέουσα
385 4031 439 4092 καὶ
463 4027 623 4094 λαλοῦσα·
647 4015 665 4108 ή
689 4019 752 4108 γὰρ
774 4025 820 4102 τίς
837 4019 988 4107 Χριστόν
1009 4029 1120 4102 πίστις
1141 4025 1197 4092 καί
1213 4017 1233 4108 ή
1248 4025 1312 4090 τοῦ
1327 4015 1556 4108 εῦαγγελίουθ

217 4127 339 4210 γνῶσις
360 4119 510 4210 ἐξήγησίς
532 4125 602 4192 ἐστι
625 4125 687 4190 τοῦ
710 4117 817 4208 νόμου
837 4127 891 4190 καί
913 4117 1096 4212 πλήρωσις.
1131 4125 1185 4190 καὶ
1202 4119 1256 4189 διὰ
1271 4125 1375 4190 τοῦτο
1392 4123 1556 4208 είρηταιέ

302 4331 527 4388 11-181Κοτ.
547 4333 586 4392 12,
606 4333 686 4386 7-11
769 4331 834 4388 w
850 4331 878 4386 Ν
894 4331 966 4386 73οί
1042 4330 1134 4388 ml
1155 4329 1217 4386 Kor.
1236 4331 1293 4394 ἰ’,λ

300 4535 318 4590 2
342 4535 563 4602 καταντήσωμεν
585 4531 682 4604 Ephe..
701 4533 916 4600 καταντήσομεν
938 4533 959 4586 L
1040 4533 1058 4586 θ
1085 4537 1137 4586 τοῦ
1158 4527 1230 4600 υὲοῦ]
1252 4537 1303 4586 τοῦ
1325 4517 1367 4586 θῦ
1384 4537 1435 4586 τοῦ
1457 4529 1519 4586 υίοῦ

216 4618 248 4672 ἐν
328 4619 506 4680 θιτελείου)
530 4617 642 4680 τελείως
663 4617 886 4686 κατηρτισμένον
909 4617 986 4672 Sehw
1067 4617 1107 4672 2³
1135 4617 1351 4684 προεφήτευσαν
1373 4617 1408 4684 Sy
1435 4633 1517 4686 τιροε·

215 4703 352 4772 φήτετσεν
375 4701 395 4756 L
476 4701 515 4758 M
542 4709 592 4758 τοῦ
614 4701 705 4768 νόμου
725 4701 773 4756 καί
793 4719 827 4748 ω
847 4701 884 4754 Po
913 4703 962 4758 καὶ
979 4709 1029 4757 105·
1048 4700 1177 4772 φύμοηῑ,

1258 4787 1310 4838 20·
