3704 5530
568 539 708 596 stromata
727 541 771 596 vl.
795 543 859 612 Cup.
872 541 957 596 xv11.
977 541 1034 604 161,
1047 541 1157 604 4-155,
1169 543 1194 593 3.
1466 547 1524 608 511

218 699 405 787 ἐνδύματος
427 699 550 774 αύτοῦι
576 709 747 790 (τουτέστι
766 709 829 777 τοῦ
842 701 990 794 μεγάλου
1004 699 1193 793 ἀρχιερέως,
1216 698 1281 774 »δι’
1296 691 1337 774 οῦ
1354 698 1397 772 τό
1411 697 1527 772 πάντα

219 806 354 894 ἐγένετο
375 809 431 876 καί
452 811 556 892 χωρίς
578 799 684 876 αύτοῦ
706 809 840 895 ἐγένετο
862 800 939 876 οῦδὲ
962 803 1042 890 ἐνι),
1065 799 1127 875 οῦκ
1149 809 1195 886 είς
1211 799 1275 874 τὸν
1291 807 1354 874 τοῦ
1368 801 1527 890 σιύματος

217 898 361 992 κόσμον,
395 905 525 988 ἐξωθεν
550 907 586 974 δέ
617 909 676 974 τοῦ
701 911 786 976 λαοῦ
808 912 996 992 φιλοσοφία
1017 899 1176 992 καθάπερ
1198 899 1309 992 ἐσθής.
1352 904 1386 972 σί
1407 907 1527 972 τοίνυν
1546 907 1643 976 ίΗιῑ

220 1001 405 1090 φιλόσοφοι
428 1005 461 1076 οί
483 1009 529 1086 είς
549 999 615 1093 τήν
636 1009 765 1074 οίκείαν
785 1013 1008 1096 συναίσθησιν
1027 1001 1195 1092 πνεύματι
1216 1007 1407 1090 αἰσθητικῷ
1430 1024 1527 1072 συνα-

185 1107 413 1193 ῡσκηθέντες,
436 1101 523 1174 ἐπὰν
542 1101 588 1192 μή
610 1109 711 1192 μέρος
732 1111 948 1190 φιλοσοφίας,
971 1099 1059 1176 ἀλλὰ
1080 1101 1145 1192 τήν
1167 1097 1364 1182 αὐτοτελῶς
1387 1111 1527 1186 φιλοσυ-

219 1209 302 1288 φίαν
322 1208 644 1292 πολυπραγμονῶσι,
669 1199 872 1292 φιλαλήθως
895 1230 933 1274 τε
953 1209 1010 1274 καί
1028 1198 1169 1290 ἀτύφως
1182 1204 1528 1290 προσμαρτυροῦντες

220 1307 262 1390 τῇ
285 1298 428 1394 ἀληθείᾳ
463 1297 529 1372 κάν
550 1300 641 1392 παρὰ
668 1321 744 1386 τοίς
773 1301 986 1391 ἑτεροδόξοις
1011 1305 1067 1372 ἐπὶ
1089 1307 1163 1372 τιῦν
1184 1307 1301 1382 καλῶς
1331 1303 1527 1388 είρημένων,

219 1399 477 1490 προκόπτουσιν
506 1406 553 1484 είς
583 1401 730 1484 σύνεσιν,
760 1401 849 1476 κατά
872 1401 938 1492 τήν
959 1409 1058 1474 θείαν
1080 1407 1258 1490 διοίκησιν,
1290 1397 1355 1488 τήν
1376 1397 1529 1488 ἄρρητον

221 1497 438 1592 ἀγαθότητα,
469 1499 535 1592 τήν
556 1497 718 1574 ἑκάστοτε
740 1508 788 1586 είς
809 1501 851 1576 τό
874 1501 1015 1590 ἄμεινον
1034 1499 1123 1572 κατὰ
1144 1497 1186 1570 τό
1208 1503 1382 1588 ἐγχωροῦν
1403 1521 1528 1586 προσα-

171 1623 203 1674 10
221 1606 367 1690 γομένην
390 1599 454 1690 τήν
475 1607 550 1674 τιῦν
571 1593 687 1672 όντων
708 1599 824 1688 φύσιν·
850 1603 967 1674 ἔπειτα
988 1595 1050 1688 ούχ
1064 1593 1201 1688 Ἕλλησι
1222 1595 1341 1687 μόνον,
1364 1594 1450 1668 ἀλλὰ
1471 1603 1564 1668 καλθ

220 1697 399 1790 βαρβάροις
429 1695 664 1792 ὁμιλήσαντες,
695 1705 751 1772 ἐπὶ
780 1700 846 1792 τήν
874 1707 992 1774 πίστιν
1018 1703 1055 1770 ἐκ
1081 1696 1313 1787 συνασκήσεως
1339 1701 1456 1786 κοινῆς
1482 1701 1528 1777 είς

221 1798 355 1872 σύνεσιν
375 1805 466 1872 ίδίαν
487 1799 642 1888 ἄγονται·
662 1797 929 1890 παραδεξόμενοι
951 1805 986 1870 δε
1009 1798 1073 1871 τὸν
1095 1802 1253 1886 θεμέλιον
1274 1801 1336 1886 τῆς
1358 1792 1528 1884 ἀληθείας,
1548 1807 1567 1861 8

221 1897 363 1988 δύναμιν
381 1896 677 1989 προσλαμβάνουσι
699 1905 853 1990 προϊέναι
875 1896 996 1988 πρόσω
1017 1901 1073 1970 ἐπί
1095 1897 1160 1986 τήν
1183 1894 1333 1988 ζήτησιν,
1364 1891 1530 1968 κάνθένδε

215 1993 376 2095 ,ἀγαπῶσι
405 2005 468 2086 μέν
498 1997 805 2090 μαθητευσάμενοι,
836 1999 997 2088 γνώσεως
1018 2004 1054 2070 δέ
1080 1991 1304 2086 ὀριγνώμενοι
1330 1991 1531 2066 σπεύδουσιν

136 2120 142 2132 ’
171 2119 203 2172 15
221 2102 267 2180 είς
288 2105 470 2187 σωτηρίαν.
514 2097 621 2188 ταύτη
644 2106 748 2187 φησίν
775 2095 795 2188 ἡ
823 2097 936 2188 γραφὴ
966 2103 1114 2183 »πνεῦμα
1136 2093 1343 2184 αἰσθήσεως(
1369 2089 1568 2166 δεδόσθαιί

222 2216 294 2280 τοις
316 2205 484 2286 τεχνίταις
506 2203 543 2268 ἐκ
565 2203 628 2270 τοῦ
650 2205 748 2280 θεοῦ,
780 2197 822 2270 τό
849 2205 885 2270 δέ
906 2196 1006 2270 οῦδὲν
1028 2192 1107 2268 ἀλλ’
1130 2191 1151 2284 ἢ
1175 2191 1338 2284 φρόνησίς
1359 2199 1445 2267 ἐστι,
1476 2191 1530 2264 δυ’·

222 2325 320 2386 ναμις
350 2301 457 2384 φυχῆς
488 2297 682 2386 θεωρητική
713 2303 787 2368 τῶν
817 2289 935 2368 όντων
959 2303 1016 2366 καί
1042 2301 1106 2366 τοῦ
1132 2291 1331 2366 ἀκολούθου
1352 2287 1472 2382 όμοίου
1494 2321 1529 2362 τε

221 2403 277 2466 καί
308 2391 473 2484 ἀνομοίου
504 2393 694 2486 διακριτική
721 2425 759 2467 τε
784 2389 828 2470 αῦ
853 2404 908 2468 καί
935 2393 1120 2482 συνθετικὴ
1142 2400 1197 2464 καί
1219 2391 1453 2481 προστακτική
1474 2397 1528 2462 καί

222 2491 473 2584 ἀπαγορευτική
501 2503 574 2566 τῶν
601 2523 637 2566 τε
663 2491 865 2584 μελλόντων
885 2491 1186 2582 καταστοχαστική.
1229 2498 1388 2564 διατείνει
1410 2497 1446 2563 δέ
1468 2487 1531 2562 σῦκ

171 2609 205 2664 20
222 2599 277 2666 ἐπί
299 2593 359 2677 τὰς
381 2600 501 2684 τέχνας
526 2592 649 2682 μόνον,
681 2591 767 2666 ἀλλά
793 2601 848 2666 καὶ
870 2599 926 2666 ἐπί
949 2595 1012 2684 τήν
1043 2599 1252 2680 φιλοσοφίαν
1273 2588 1390 2682 αῦτήν.
1432 2599 1468 2662 τί
1489 2587 1530 2680 δή
1550 2595 1644 2662 1⁸⁵‚1

221 2721 310 2766 ποτε
340 2685 403 2764 οῦν
432 2701 488 2764 καί
515 2689 534 2766 ό
561 2687 639 2780 ὄφις
672 2691 872 2784 »φρόνιμοςι
902 2697 1050 2784 είρηται;
1080 2696 1152 2764 ἐπεί
1178 2687 1244 2762 κάν
1269 2711 1342 2774 τοις
1367 2689 1530 2780 πονηρεύ-

222 2817 322 2884 μασιν
347 2797 441 2865 ἐστιν
467 2789 575 2880 εδρεῑν
601 2791 813 2866 ἀκολουθίαν
839 2793 915 2866 τινὰ
941 2801 998 2866 καί
1025 2789 1191 2880 διάκρισιν
1216 2799 1271 2863 καί
1293 2789 1453 2862 σύνθεσιν
1474 2798 1529 2862 καί

223 2893 413 2984 στοχασμὸν
444 2899 518 2964 τῶν
546 2892 754 2984 μελλόντων.
795 2901 851 2964 καί
881 2892 924 2965 τά
954 2903 1095 2964 πλείστα
1125 2897 1200 2962 τῶν
1216 2887 1449 2982 ἀδικημάτων
1474 2889 1566 2962 διδ2

223 2999 327 3066 τοῦτο
358 2993 535 3075 λανθάνει,
568 2987 622 3064 ότι
653 2997 1005 3084 πρσσοικσνομοῦνται
1035 2999 1150 3078 σφίσιν
1176 2995 1209 3064 οί
1230 2997 1328 3062 κακοί
1350 2989 1392 3062 τό
1414 2987 1529 3076 πάντη

171 3107 205 3162 25
223 3121 260 3166 τε
282 3099 337 3166 καί
358 3089 502 3176 πάντως
524 3093 585 3177 τὰς
607 3101 770 3184 τιμωρίας
790 3091 989 3182 διαφεύγειν.
1029 3091 1222 3182 πολυμερής
1242 3097 1279 3162 δέ
1302 3083 1384 3162 οῦσα
1405 3085 1427 3180 ἡ
1449 3086 1568 3176 wod-⁸

224 3217 334 3282 νησις,
371 3187 417 3264 δι’
449 3185 533 3264 ῦλου
568 3200 736 3284 τεταμένη
772 3197 836 3264 τοῦ
869 3191 998 3281 κόσμου
1025 3188 1080 3263 διά
1111 3219 1149 3262 τε
1184 3197 1258 3262 τῶν
1293 3185 1532 3278 ἀνθρωπίνων

223 3287 404 3374 ἀπόντων,
437 3287 520 3362 καθ’
542 3293 686 3364 ἕκαστον
717 3289 843 3379 αύξταῦν
873 3287 1074 3380 μεταβάλλει
1105 3289 1171 3380 τήν
1199 3295 1444 3380 προσηγορίαν,
1475 3295 1531 3358 καί
1548 3291 1629 3349 2948

223 3391 360 3464 ἐπειδὰν
390 3397 452 3480 μὲν
482 3387 646 3478 ἐπιβάλλῃ
676 3411 749 3476 τοις
774 3389 927 3480 πρώτοις
949 3393 1081 3474 αίτίοις,
1113 3385 1228 3480 νόησις
1248 3399 1416 3470 καλειται,
1447 3381 1533 3460 ὅταν

224 3497 259 3563 δέ
282 3489 411 3580 ταύτην
433 3487 660 3582 ἀποδεικτικῷ
683 3488 775 3580 λόγῳ
797 3489 1034 3580 βεβαιώσηται,
1060 3497 1185 3577 γνῶσίς
1207 3517 1244 3560 τε
1265 3497 1320 3560 καί
1343 3493 1455 3575 σοίφία
1476 3492 1530 3558 καί
1548 3491 1634 3549 821Ρ

173 3603 208 3656 30
224 3587 389 3680 ἐπιστήμη
412 3585 628 3680 ὀνομάζεται,
660 3595 697 3662 ἐν
719 3597 754 3662 δέ
775 3609 850 3673 τοις
871 3593 918 3672 είς
940 3583 1114 3674 εύλάθειαν
1140 3595 1350 3659 συντείνουσι
1372 3591 1532 3676 γινομένη

224 3698 278 3760 καλ
310 3687 391 3762 ἀνευ
420 3698 569 3780 θεωρίας
602 3695 857 3780 παραδεξαμένη
887 3685 951 3758 τὸν
979 3684 1119 3776 ἀρχικόν
1149 3683 1254 3776 λόγον
1282 3685 1371 3758 κατὰ
1401 3685 1467 3776 τήν
1496 3689 1533 3756 ἐν

226 3786 311 3878 αῦτῇ
334 3793 525 3878 ἐξεργασίας
547 3787 690 3880 τήρησιν
709 3799 822 3872 πίστις
843 3795 989 3876 λέγεται,
1021 3783 1087 3858 κάν
1112 3805 1183 3870 τοῖς
1210 3792 1387 3876 αίσθητσλς
1409 3807 1533 3861 πιστω

226 3893 351 3980 σαμένη
375 3887 416 3962 τό
435 3917 471 3978 γε
494 3895 630 3971 δοκοῦν,
661 3887 709 3974 σός
731 3895 769 3962 ἐν
789 3887 944 3970 τούτοις,
975 3883 1224 3974 ἀληθέστατον,
1256 3881 1339 3972 δόξα
1361 3881 1465 3976 όρθή,
1497 3888 1534 3955 ἐν

314 4187 520 4258 ίίίοίι.1,3
607 4189 945 4260 ίδίτρί.Ειοδ.28,3
1025 4187 1225 4252 21Gen.3,1
1309 4187 1345 4242 81
1366 4205 1400 4240 τα
1417 4181 1537 4256 ἀρχικός

227 4275 313 4346 λόγος
331 4273 385 4344 τρί.
404 4275 503 4330 strom.
523 4273 572 4328 Vll
594 4279 651 4336 M

313 4537 332 4588 θ
357 4535 523 4604 φιλαλήθως
548 4549 616 4588 οσττ.
639 4549 688 4588 εει
713 4535 877 4602 φιλαληθᾱις
904 4533 940 4588 [ι’
1030 4533 1050 4588 8
1076 4531 1290 4606 προκόπτουσιν
1316 4531 1349 4586 st
1371 4527 1537 4600 προκόπτοι-

230 4617 314 4674 σινίι
398 4615 603 4688 θάγαθδτητα
620 4619 664 4672 ία1
681 4634 706 4670 ιι.
725 4635 741 4671 ο
760 4617 788 4672 in
806 4617 879 4686 Ru.)
901 4617 934 4672 1¹¹
1017 4617 1055 4672 12
1072 4617 1124 4674 τδν
1141 4617 1177 4686 Sy
1194 4615 1285 4686 τήνΙι
1367 4615 1406 4670 14
1425 4609 1538 4684 δριγνδ

228 4720 310 4772 μενοι
330 4703 350 4756 L
431 4703 471 4760 28
489 4697 634 4774 έπιβιίλληι
653 4717 720 4756 oon.
739 4717 787 4755 εαε
804 4697 936 4774 ἐπιβάληι
953 4702 987 4758 Ιιί
