3772 5532
606 525 745 582 stromata
762 525 796 580 II.
819 525 882 596 Cap.
895 524 994 580 XVIII.
1012 525 1053 592 94,
1065 525 1158 588 2-96,
1169 525 1193 578 4.
1494 531 1551 592 165

244 688 288 760 τά
310 683 461 776 νεόφυτα
488 693 563 758 τῶν
590 693 740 774 δένδρων
767 692 821 760 ἐπί
845 695 996 776 τριετίαν
1021 689 1094 778 ἑξῆς
1117 698 1332 778 τιθηνεῖσθαι
1355 681 1416 768 τάς
1438 713 1473 756 τε
1496 713 1552 756 πε·

244 787 363 876 ριττάς
385 785 557 874 ἐπιφύσεις
579 783 848 874 ἀποτέμνοντας,
880 784 963 875 όπέρ
990 794 1053 859 τοῦ
1073 786 1118 877 μῆ
1144 783 1356 876 βαρυνόμενα
1378 790 1552 872 πιέζεσθαι

245 895 300 960 καί
322 883 407 978 όπέρ
430 893 493 960 τού
513 887 558 978 μῆ
580 894 953 978 κατακερματιζομένης
976 893 1036 978 τῆς
1058 893 1188 977 τροφῆς
1210 881 1255 958 δι’
1272 889 1403 958 ἔνδειαν
1417 887 1551 972 ἐξασθε-

247 1006 326 1072 νεῖν,
358 993 483 1076 γυροῦν
505 1016 542 1059 τε
564 993 620 1058 καί
646 984 899 1078 περισκάπτειν,
933 984 981 1070 ως
1001 993 1105 1076 μηδὲν
1127 983 1413 1077 παραβλαστάνον
1434 983 1551 1072 κωλύῃ

209 1086 310 1178 ῦτῆν
340 1079 487 1176 αὔξησιν.
531 1083 594 1158 τόν
621 1115 657 1158 τε
683 1083 819 1176 καρπόν
849 1082 910 1158 υύκ
941 1089 979 1178 ἐξι
1009 1092 1192 1174 δρέπεσθαι
1218 1079 1322 1174 ἀτελῆ
1348 1087 1384 1170 ἐξ
1406 1079 1587 1161 ἀτελῶνθ

244 1182 331 1258 ἀλλά
359 1185 444 1276 μετά
475 1193 627 1272 τριετίαν
657 1188 723 1256 ἔτει
754 1181 910 1275 τετάρτῳ
941 1185 1199 1274 καθωροόσοντα
1227 1183 1291 1274 τὴν
1317 1181 1473 1274 ἀπαρχὴν
1495 1191 1548 1270 τῷ

245 1292 318 1375 θεῷ
340 1283 426 1376 μετά
449 1283 490 1356 τό
518 1291 731 1374 τελεωθῆναι
754 1283 794 1356 τό
817 1290 966 1372 δένδρον.
1009 1289 1058 1374 εέη
1081 1281 1113 1356 δ’
1136 1282 1179 1356 άν
1201 1275 1303 1366 οὗτος
1324 1277 1344 1356 δ
1366 1289 1426 1373 τῆς
1448 1311 1549 1374 γεωρ-
1566 1293 1644 1358 θεῖ

247 1391 321 1474 γίας
344 1383 451 1468 τύπος
474 1390 687 1468 διδασκαλίας
709 1381 848 1472 τρόπος,
879 1381 1050 1456 διδάσκων
1071 1389 1142 1456 δεῖν
1165 1383 1226 1466 τάς
1247 1382 1456 1472 παραφύσεις
1478 1390 1551 1455 τῶν

244 1480 421 1574 άμαρτιῶν
452 1481 650 1556 ἐπικόπτειν
679 1491 734 1554 καί
765 1489 826 1566 τὰς
856 1481 1179 1566 συναναθαλλούσας
1205 1491 1256 1574 τῷ
1279 1489 1407 1573 γονίμῳ
1427 1489 1550 1574 καρπῷ

190 1603 225 1654 10
244 1591 389 1674 ματαίας
410 1589 472 1675 τῆς
494 1587 627 1667 ἐννοίας
648 1581 745 1666 πόας,
768 1581 839 1655 ἔστ’
863 1579 906 1654 διν
928 1590 1098 1672 τελειωθῇ
1119 1587 1173 1654 καί
1196 1589 1332 1670 βέβαιον
1354 1589 1490 1672 γένηται
1509 1583 1549 1654 τό

243 1687 340 1772 ἔρνος
363 1688 424 1772 τῆς
446 1689 600 1766 πίστεως.
636 1689 689 1772 τῷ
712 1689 769 1770 [τε]
793 1679 856 1771 γάρ
880 1678 1036 1771 τετάρτῳ
1058 1684 1134 1766 ἔτει,
1157 1687 1229 1754 ἐπεί
1244 1689 1300 1754 καί
1314 1677 1441 1771 χρόνου
1457 1689 1550 1771 χρεία
1569 1691 1587 1746 2

243 1789 294 1874 τῷ
325 1787 568 1872 κατηχουμένφ
598 1790 755 1868 βεβαίως,
788 1777 808 1870 ῆ
838 1779 958 1868 τετράς
988 1788 1061 1853 τῶν
1092 1777 1227 1868 ἀρετῶν
1251 1787 1471 1869 καθιερούτω
1498 1788 1549 1870 τῷ

243 1889 327 1974 θεῷ.
354 1889 417 1974 τῆς
438 1887 555 1973 τρίτης
577 1877 641 1972 ἤδη
662 1887 769 1972 μονῆς
790 1879 1024 1970 συναπτούσης
1046 1884 1101 1952 ἐπὶ
1125 1879 1189 1970 τῆν
1211 1885 1275 1952 τοῦ
1295 1889 1413 1968 κυρίου
1435 1879 1549 1968 τετάρ·

244 2009 308 2071 την
328 1977 523 2054 ἀπόστασιν.

191 2115 225 2168 15
328 2105 433 2170 θυσία
456 2103 490 2170 δέ
513 2101 671 2180 αἰνέσεως
692 2092 776 2185 ύπέρ
798 2091 1089 2185 ὁλοκαυτώματα.
1131 2088 1251 2179 »οὗτος
1273 2093 1335 2186 γάρ
1351 2119 1436 2177 σοιι,
1459 2102 1548 2184 φησί,
1568 2103 1586 2158 θ
1604 2103 1689 2156 48οΡ

246 2202 403 2269 »δίδωσιν
425 2196 520 2287 ἰσχύν
541 2202 679 2286 ποιῆσαι
701 2195 867 2284 δύναμιν.ι
901 2195 962 2268 ἐάν
982 2200 1018 2268 δέ
1041 2203 1202 2286 φωτισθῆ
1224 2221 1277 2268 σοι
1300 2193 1342 2267 τά
1357 2191 1548 2284 πράγματα,

244 2297 359 2383 λαβὼν
380 2303 433 2368 καί
456 2293 665 2386 κτησάμενος
686 2295 781 2386 ίσχόν
804 2299 841 2367 ἐν
866 2295 987 2384 γνοόσει
1009 2304 1099 2367 ποίει
1122 2294 1271 2384 δύναμιν.
1313 2299 1465 2384 ἐμφαίνει
1487 2293 1585 2382 γάρί

243 2396 298 2468 διά
321 2395 459 2468 τούτων
481 2393 524 2468 τά
547 2423 583 2466 τε
606 2393 719 2486 ἀγαθά
742 2391 803 2478 τάς
825 2425 863 2466 τε
885 2395 1012 2484 δωρεάς
1033 2395 1125 2482 παρὰ
1147 2401 1210 2466 τοῦ
1233 2400 1319 2468 θεοῦ
1331 2403 1549 2494 χορηγεῖσθαι

243 2503 298 2568 καί
321 2503 391 2569 δεῖν
413 2492 508 2586 ἡμᾶς,
530 2492 709 2578 διακόνους
730 2499 932 2584 γενομένους
954 2500 1015 2584 τῆς
1037 2503 1133 2578 θείας
1153 2491 1301 2584 χάριτος,
1323 2501 1474 2580 σπείρειν
1487 2491 1549 2574 τάς

190 2609 227 2664 20
245 2601 307 2668 τοῦ
329 2601 415 2668 θεοῦ
437 2591 586 2677 εύποιίας
612 2601 668 2666 καί
694 2593 775 2675 τούς
805 2591 1053 2684 πλησιάζοντας
1083 2592 1344 2681 κατασκευάζειν
1363 2589 1490 2674 καλούς
1511 2619 1546 2662 τε

244 2701 299 2766 καί
322 2689 486 2782 ἀγαθούς,
518 2698 573 2766 λ’να
595 2690 643 2778 σός
666 2687 721 2766 ότι
747 2693 892 2783 μάλιστα
914 2688 933 2764 ό
954 2699 1017 2783 μὲν
1038 2693 1190 2781 σαόφρων
1212 2696 1292 2777 τούς
1314 2695 1497 2782 ἐγκρατεῖς,
1529 2685 1548 2760 ό

244 2801 279 2866 δὲ
301 2789 455 2882 ἀνδρεῖος
477 2793 557 2876 τούς
579 2801 754 2882 γενναίους
776 2791 936 2876 συνετούς
958 2819 995 2863 τε
1017 2787 1036 2864 ό
1058 2789 1222 2880 φρόνιμος
1243 2801 1298 2863 καί
1321 2798 1449 2874 δίκαως
1468 2789 1549 2874 τούς

243 2899 392 2978 δικαίους
413 2900 540 2982 ἐκτελῆ.

241 3145 328 3216 μένης
349 3153 398 3214 τῆς
418 3151 528 3215 τροφῆς
545 3137 585 3200 δι’
601 3139 711 3200 ἔνδειαν
729 3141 908 3210 ἐξασθενεῖν,
926 3149 1031 3214 γυροῖν
1049 3160 1079 3198 τε
1097 3143 1145 3198 καί
1163 3141 1379 3214 περισκάπτειν,
1394 3137 1443 3198 λ’να
1461 3140 1548 3212 μηδὲν

242 3238 299 3286 τῶν
325 3227 372 3288 ἐπί
398 3230 483 3304 ζημίᾳ
509 3226 733 3300 παραβλαστάνη
755 3231 805 3296 τῆν
828 3221 944 3296 αύξησιν
963 3230 1083 3282 κωλῦον.
1116 3225 1167 3282 τόν
1187 3245 1218 3284 τε
1236 3227 1348 3298 καρπόν
1367 3225 1420 3284 οόκ
1436 3223 1469 3302 ἐᾷ
1488 3225 1548 3299 δρέ-

240 3317 349 3372 πεσθαι
381 3311 454 3370 κατά
488 3314 642 3382 μετουσίαν
676 3305 863 3377 ἀπολαύσεως
880 3351 946 3376 ...,
980 3306 1074 3380 ἐπειδὴ
1105 3307 1205 3378 ἀτελὴς
1234 3307 1266 3378 ἐξ
1294 3307 1403 3368 ἀτελῶν
1432 3305 1548 3380 ἔμελλεν

241 3393 366 3456 ἔσεσθαι.
384 3427 418 3440 -
439 3397 512 3468 μετά
534 3395 564 3454 δὲ
586 3397 711 3466 τριετίαν
794 3389 910 3452 δύναται
927 3399 1116 3466 τελειογονεῖν
1133 3389 1189 3450 ἔτει
1206 3393 1333 3468 τετάρτῳ
1350 3393 1424 3452 κατά
1442 3393 1548 3453 τέλεων

238 3479 377 3554 ἀριθμόν.
412 3479 525 3552 τετράδι
550 3479 581 3538 δὲ
606 3475 714 3538 κελεύει
740 3478 895 3551 δρέπεσθαι
921 3479 972 3536 τόν
998 3479 1119 3550 καρπόν,
1148 3477 1182 3536 οὐ
1204 3477 1277 3551 πρός
1294 3475 1461 3546 ἀπόλαυσιν,
1487 3475 1549 3537 ἀλλ’

240 3561 311 3622 όλον
329 3564 416 3622 αίτδν
433 3569 589 3634 καθιεροῦν
607 3560 739 3636 ἀπαρχὴν
757 3571 797 3637 τῷ
814 3567 883 3637 θεῷ.

327 3683 364 3740 1⁵
383 3701 416 3738 ευ
434 3677 791 3750 θυσία-ὁλοκαυτώματα
808 3681 864 3752 ng.
877 3681 949 3737 Ρεεί.
961 3685 1003 3751 49,
1015 3683 1059 3748 23;
1080 3683 1120 3748 50,
1134 3683 1189 3738 18r
1257 3682 1320 3738 151
1333 3681 1451 3748 θεοίεθ,
1464 3682 1497 3736 18

243 3769 356 3824 15—28
375 3767 431 3838 ng.
445 3765 524 3824 Philo
541 3766 582 3822 De
598 3783 652 3821 εει.
665 3767 698 3822 23
719 3757 816 3830 »οὗτος
834 3763 888 3837 γάρ
907 3785 977 3834 αοιι,
996 3767 1071 3836 φησί,
1093 3767 1219 3822 »δίδωσιν
1236 3763 1314 3838 ἰσχύν
1333 3771 1449 3836 ποιησαι
1467 3759 1549 3822 diva·

239 3871 314 3920 μινι.
332 3882 365 3892 -
383 3847 434 3908 ἐάν
456 3849 498 3917 δέ,
521 3851 618 3922 φησίν,
636 3848 762 3922 εόρωστῆ
783 3867 829 3906 σοι
846 3849 881 3906 τά
900 3849 1066 3923 πράγματα,
1085 3847 1183 3922 λαβὼν
1200 3852 1249 3908 καί
1265 3849 1442 3920 κτησάμενος
1460 3845 1547 3920 taff,

240 3937 274 4008 ῆν
297 3931 364 4002 ἴσως
387 3933 421 3992 οό
444 3935 668 4008 προσεδόκησας,
691 3935 767 3990 ποίει
789 3927 915 4004 δύναμιν.
934 3963 966 3974 -
983 3935 1038 4006 χρῆ
1061 3933 1090 3990 δέ
1108 3937 1157 3990 καί
1174 3933 1226 3990 τόν
1244 3933 1386 4007 φρόνιμον
1402 3936 1452 3989 καί
1470 3930 1545 4005 ἀγχί-

240 4039 320 4086 νουν,
348 4015 388 4086 ὥς
411 4015 451 4076 ἔνι
474 4017 610 4089 μάλιστα,
637 4015 786 4083 τοιούτους
807 4021 856 4072 καί
874 4016 939 4082 τούς
957 4016 1163 4088 πλησιάζοντας
1180 4017 1412 4087 κατασκευάζειν,
1430 4020 1480 4072 καί
1497 4019 1547 4073 τὸν

239 4099 377 4176 σώφρονα
404 4100 550 4176 ἐγκρατεῖς
577 4105 625 4160 καί
654 4103 802 4174 γενναίους
827 4101 878 4158 τόν
904 4099 1035 4173 άνδρεῖον
1060 4105 1106 4158 καί
1135 4101 1186 4158 τόν
1212 4105 1323 4160 δίκαιον
1349 4102 1473 4166 δικαίους
1498 4103 1546 4156 καί

238 4189 365 4256 συνόλως
382 4185 511 4258 άγαθοός
528 4187 578 4244 τόν
597 4185 717 4260 ἀγαθόν.

326 4423 345 4478 ⁴
364 4429 468 4494 γυροῦν
486 4420 524 4478 Po
541 4439 590 4476 σοι
602 4419 682 4476 Philo
701 4419 790 4493 άροῦν
808 4419 830 4474 L
911 4423 929 4476 θ
947 4417 1166 4494 καθιερώσαντα
1179 4423 1218 4476 Po
1236 4415 1455 4494 καθαρεύσαντα
1474 4421 1495 4474 L

240 4507 260 4564 8
283 4501 371 4571 τύπος
391 4507 572 4570 διδασκαλίας
593 4505 709 4574 τρόπος]
731 4505 839 4576 τρόπος
860 4507 1038 4570 διδασκαλίας
1059 4499 1146 4571 τύπος
1166 4505 1212 4560 Ma
1281 4501 1458 4576 παραφύσεις
1473 4505 1500 4563 ίυ
1518 4504 1546 4558 in

240 4591 365 4651 11qu
449 4589 604 4660 11[1218t
686 4591 723 4646 III
747 4591 998 4662 95‹51,··(wogon
1016 4609 1046 4646 τε
1066 4591 1108 4660 11)
1126 4589 1206 4644 Schw
1285 4596 1375 4658 μονῆς
1392 4589 1470 4660 Βίςς,
1489 4589 1546 4643 Τίτε

238 4673 340 4730 christ
359 4673 430 4729 Plu.
447 4674 479 4730 σί
495 4673 572 4730 Alex.
590 4692 614 4744 p.
628 4675 679 4730 67²
695 4673 824 4742 μόνηςίι
895 4675 933 4730 ίθ
952 4675 1090 4744 φωτιοθῆ]
1110 4673 1237 4746 εόρωστρ
1255 4673 1336 4730 Philo
