<?xml version="1.0" encoding="UTF-8"?>
<!DOCTYPE html PUBLIC "-//W3C//DTD XHTML 1.0 Transitional//EN"
    "http://www.w3.org/TR/xhtml1/DTD/xhtml1-transitional.dtd">
<html xmlns="http://www.w3.org/1999/xhtml" xml:lang="en" lang="en">
 <head>
  <title>
</title>
<meta http-equiv="Content-Type" content="text/html;charset=utf-8" />
  <meta name='ocr-system' content='tesseract 3.04.00' />
  <meta name='ocr-capabilities' content='ocr_page ocr_carea ocr_par ocr_line ocrx_word'/>
</head>
<body>
  <div class='ocr_page' id='page_1' title='image "./diegriechischen02wissgoog/diegriechischen02wissgoog_0257.png"; bbox 0 0 3772 5532; ppageno 0'>
   <div class='ocr_carea' id='block_1_1' title="bbox 609 531 1538 605">
    <p class='ocr_par' dir='ltr' id='par_1_1' title="bbox 609 531 1538 605">
     <span class='ocr_line' id='line_1_1' title="bbox 609 531 1538 605; baseline 0.009 -17"><span class='ocrx_word' id='word_1_1' title='bbox 609 531 749 588; x_wconf 65' lang='lat' dir='ltr'><strong><em>stromata</em></strong></span> <span class='ocrx_word' id='word_1_2' title='bbox 765 533 799 588; x_wconf 88' lang='lat'><strong><em>11.</em></strong></span> <span class='ocrx_word' id='word_1_3' title='bbox 822 531 886 605; x_wconf 70' lang='lat' dir='ltr'><strong>Cap.</strong></span> <span class='ocrx_word' id='word_1_4' title='bbox 900 533 970 588; x_wconf 85' lang='lat' dir='ltr'>XIX.</span> <span class='ocrx_word' id='word_1_5' title='bbox 988 535 1030 600; x_wconf 86' lang='grc'><strong><em>97,</em></strong></span> <span class='ocrx_word' id='word_1_6' title='bbox 1043 535 1151 598; x_wconf 87' lang='grc'>1-100,</span> <span class='ocrx_word' id='word_1_7' title='bbox 1163 535 1187 588; x_wconf 88' lang='grc'><strong><em>3.</em></strong></span> <span class='ocrx_word' id='word_1_8' title='bbox 1484 537 1538 598; x_wconf 79' lang='grc'><strong><em>161</em></strong></span> 
     </span>
    </p>
   </div>
   <div class='ocr_carea' id='block_1_2' title="bbox 183 689 1656 2774">
    <p class='ocr_par' dir='ltr' id='par_1_2' title="bbox 234 689 1635 1085">
     <span class='ocr_line' id='line_1_2' title="bbox 235 689 1540 788; baseline -0.006 -18"><span class='ocrx_word' id='word_1_9' title='bbox 235 694 396 788; x_wconf 88' lang='grc' dir='ltr'><strong><em>εύγένεια,·</em></strong></span> <span class='ocrx_word' id='word_1_10' title='bbox 417 696 531 786; x_wconf 80' lang='grc' dir='ltr'><strong><em>πατὴρ</em></strong></span> <span class='ocrx_word' id='word_1_11' title='bbox 553 702 588 768; x_wconf 80' lang='grc' dir='ltr'><strong><em>δὲ</em></strong></span> <span class='ocrx_word' id='word_1_12' title='bbox 610 693 716 768; x_wconf 84' lang='grc' dir='ltr'><strong><em>αύτοῦ</em></strong></span> <span class='ocrx_word' id='word_1_13' title='bbox 738 693 867 786; x_wconf 88' lang='grc' dir='ltr'><strong><em>θνητὸς</em></strong></span> <span class='ocrx_word' id='word_1_14' title='bbox 888 693 1008 778; x_wconf 89' lang='grc' dir='ltr'><strong><em>ούδείς·</em></strong></span> <span class='ocrx_word' id='word_1_15' title='bbox 1036 693 1139 780; x_wconf 88' lang='grc' dir='ltr'><strong><em>αύτός</em></strong></span> <span class='ocrx_word' id='word_1_16' title='bbox 1161 693 1224 784; x_wconf 85' lang='grc' dir='ltr'><strong><em>γὰρ</em></strong></span> <span class='ocrx_word' id='word_1_17' title='bbox 1246 689 1445 779; x_wconf 82' lang='grc' dir='ltr'><strong><em>ἀνθρώπων</em></strong></span> <span class='ocrx_word' id='word_1_18' title='bbox 1467 699 1540 762; x_wconf 85' lang='grc' dir='ltr'><strong><em>τῶν</em></strong></span> 
     </span>
     <span class='ocr_line' id='line_1_3' title="bbox 234 787 1576 886; baseline -0.009 -16"><span class='ocrx_word' id='word_1_19' title='bbox 234 803 271 870; x_wconf 85' lang='grc' dir='ltr'><strong><em>ἐν</em></strong></span> <span class='ocrx_word' id='word_1_20' title='bbox 293 803 417 886; x_wconf 92' lang='grc' dir='ltr'><strong><em>γενέσει</em></strong></span> <span class='ocrx_word' id='word_1_21' title='bbox 437 793 562 884; x_wconf 85' lang='grc' dir='ltr'><strong><em>πατήρ.</em></strong></span> <span class='ocrx_word' id='word_1_22' title='bbox 605 793 647 867; x_wconf 86' lang='grc' dir='ltr'><strong><em>τά</em></strong></span> <span class='ocrx_word' id='word_1_23' title='bbox 668 801 730 884; x_wconf 82' lang='grc' dir='ltr'><strong><em>μὲν</em></strong></span> <span class='ocrx_word' id='word_1_24' title='bbox 752 793 868 884; x_wconf 87' lang='grc' dir='ltr'><strong><em>αίσχρά</em></strong></span> <span class='ocrx_word' id='word_1_25' title='bbox 899 787 1000 878; x_wconf 78' lang='grc' dir='ltr'><strong><em>οὗτος</em></strong></span> <span class='ocrx_word' id='word_1_26' title='bbox 1030 795 1218 884; x_wconf 79' lang='grc' dir='ltr'><em>προθύμως</em></span> <span class='ocrx_word' id='word_1_27' title='bbox 1243 797 1352 866; x_wconf 86' lang='grc' dir='ltr'><strong><em>είλετο</em></strong></span> <span class='ocrx_word' id='word_1_28' title='bbox 1375 789 1576 882; x_wconf 74' lang='grc' dir='ltr'><strong><em>έπόμενοςί</em></strong></span> 
     </span>
     <span class='ocr_line' id='line_1_4' title="bbox 235 889 1540 986; baseline -0.005 -18"><span class='ocrx_word' id='word_1_29' title='bbox 235 905 277 986; x_wconf 79' lang='grc' dir='ltr'><strong><em>τῇ</em></strong></span> <span class='ocrx_word' id='word_1_30' title='bbox 307 905 451 986; x_wconf 88' lang='grc' dir='ltr'><strong><em>γυναικί,</em></strong></span> <span class='ocrx_word' id='word_1_31' title='bbox 483 901 613 968; x_wconf 80' lang='grc' dir='ltr'><strong><em>τῶνδὲ</em></strong></span> <span class='ocrx_word' id='word_1_32' title='bbox 636 891 780 984; x_wconf 82' lang='grc' dir='ltr'><strong><em>ἀληθῶν</em></strong></span> <span class='ocrx_word' id='word_1_33' title='bbox 810 904 866 967; x_wconf 84' lang='grc' dir='ltr'><strong><em>καὶ</em></strong></span> <span class='ocrx_word' id='word_1_34' title='bbox 896 905 1014 969; x_wconf 83' lang='grc' dir='ltr'><strong><em>καλῶν</em></strong></span> <span class='ocrx_word' id='word_1_35' title='bbox 1041 893 1216 986; x_wconf 79' lang='grc' dir='ltr'><strong><em>ἠμέλησεν·</em></strong></span> <span class='ocrx_word' id='word_1_36' title='bbox 1253 889 1309 980; x_wconf 79' lang='grc' dir='ltr'><strong><em>ἐφ’</em></strong></span> <span class='ocrx_word' id='word_1_37' title='bbox 1333 891 1384 976; x_wconf 83' lang='grc' dir='ltr'><strong><em>οίς</em></strong></span> <span class='ocrx_word' id='word_1_38' title='bbox 1406 889 1540 980; x_wconf 86' lang='grc' dir='ltr'><strong><em>θνητὸν</em></strong></span> 
     </span>
     <span class='ocr_line' id='line_1_5' title="bbox 235 985 1635 1085; baseline -0.004 -17"><span class='ocrx_word' id='word_1_39' title='bbox 235 993 414 1069; x_wconf 76' lang='grc' dir='ltr'>ἀθανάτου</span> <span class='ocrx_word' id='word_1_40' title='bbox 434 1003 519 1082; x_wconf 89' lang='grc' dir='ltr'><strong><em>βίον,</em></strong></span> <span class='ocrx_word' id='word_1_41' title='bbox 550 989 628 1066; x_wconf 84' lang='grc' dir='ltr'><strong><em>ἀλλ’</em></strong></span> <span class='ocrx_word' id='word_1_42' title='bbox 651 991 712 1066; x_wconf 88' lang='grc' dir='ltr'><strong><em>ούκ</em></strong></span> <span class='ocrx_word' id='word_1_43' title='bbox 738 1001 785 1078; x_wconf 87' lang='grc' dir='ltr'><strong><em>είς</em></strong></span> <span class='ocrx_word' id='word_1_44' title='bbox 808 1001 918 1078; x_wconf 80' lang='grc' dir='ltr'><em>τέλος,</em></span> <span class='ocrx_word' id='word_1_45' title='bbox 951 991 1250 1085; x_wconf 78' lang='grc' dir='ltr'><strong><em>ἀνθυπηλλάξατο.</em></strong></span> <span class='ocrx_word' id='word_1_46' title='bbox 1295 999 1374 1064; x_wconf 80' lang='grc' dir='ltr'><strong><em>Νῶε</em></strong></span> <span class='ocrx_word' id='word_1_47' title='bbox 1397 997 1432 1062; x_wconf 80' lang='grc' dir='ltr'><strong><em>δὲ</em></strong></span> <span class='ocrx_word' id='word_1_48' title='bbox 1455 985 1473 1062; x_wconf 84' lang='grc' dir='ltr'>ὁ</span> <span class='ocrx_word' id='word_1_49' title='bbox 1495 990 1635 1082; x_wconf 82' lang='grc' dir='ltr'><strong><em>μίγθθ,1</em></strong></span> 
     </span>
    </p>

    <p class='ocr_par' dir='ltr' id='par_1_3' title="bbox 201 1087 1576 1582">
     <span class='ocr_line' id='line_1_6' title="bbox 201 1087 1541 1186; baseline -0.006 -18"><span class='ocrx_word' id='word_1_50' title='bbox 201 1089 330 1168; x_wconf 79' lang='grc' dir='ltr'><strong><em>οοότω</em></strong></span> <span class='ocrx_word' id='word_1_51' title='bbox 357 1091 536 1184; x_wconf 87' lang='grc' dir='ltr'><strong><em>γενόμενος</em></strong></span> <span class='ocrx_word' id='word_1_52' title='bbox 564 1091 611 1176; x_wconf 75' lang='grc' dir='ltr'><strong><em>σός</em></strong></span> <span class='ocrx_word' id='word_1_53' title='bbox 632 1087 651 1166; x_wconf 86' lang='grc' dir='ltr'><strong><em>δ</em></strong></span> <span class='ocrx_word' id='word_1_54' title='bbox 672 1090 773 1183; x_wconf 82' lang='grc' dir='ltr'><strong><em>Ἀδάμ</em></strong></span> <span class='ocrx_word' id='word_1_55' title='bbox 795 1097 962 1182; x_wconf 75' lang='grc' dir='ltr'><strong><em>ἐπισκοπῇ</em></strong></span> <span class='ocrx_word' id='word_1_56' title='bbox 990 1101 1066 1186; x_wconf 81' lang='grc' dir='ltr'><strong><em>θείςι</em></strong></span> <span class='ocrx_word' id='word_1_57' title='bbox 1089 1095 1303 1184; x_wconf 77' lang='grc' dir='ltr'><strong><em>διασῴζεται·</em></strong></span> <span class='ocrx_word' id='word_1_58' title='bbox 1340 1097 1457 1182; x_wconf 88' lang='grc' dir='ltr'><strong><em>φέρων</em></strong></span> <span class='ocrx_word' id='word_1_59' title='bbox 1479 1089 1541 1180; x_wconf 80' lang='grc' dir='ltr'><strong><em>γάρ</em></strong></span> 
     </span>
     <span class='ocr_line' id='line_1_7' title="bbox 236 1187 1541 1284; baseline -0.003 -18"><span class='ocrx_word' id='word_1_60' title='bbox 236 1193 343 1268; x_wconf 86' lang='grc' dir='ltr'><strong><em>αύτδν</em></strong></span> <span class='ocrx_word' id='word_1_61' title='bbox 367 1191 512 1284; x_wconf 87' lang='grc' dir='ltr'><strong><em>ἀνέθηκε</em></strong></span> <span class='ocrx_word' id='word_1_62' title='bbox 535 1199 585 1282; x_wconf 81' lang='grc' dir='ltr'><strong><em>τῷ</em></strong></span> <span class='ocrx_word' id='word_1_63' title='bbox 609 1199 689 1282; x_wconf 83' lang='grc' dir='ltr'><strong><em>θεῷ.</em></strong></span> <span class='ocrx_word' id='word_1_64' title='bbox 725 1190 788 1264; x_wconf 90' lang='grc' dir='ltr'><strong><em>τόν</em></strong></span> <span class='ocrx_word' id='word_1_65' title='bbox 810 1221 847 1264; x_wconf 90' lang='grc' dir='ltr'><strong><em>τε</em></strong></span> <span class='ocrx_word' id='word_1_66' title='bbox 861 1189 1003 1284; x_wconf 83' lang='grc' dir='ltr'><strong><em>Ἀβραάμ</em></strong></span> <span class='ocrx_word' id='word_1_67' title='bbox 1025 1198 1063 1264; x_wconf 89' lang='grc' dir='ltr'><strong><em>ἐκ</em></strong></span> <span class='ocrx_word' id='word_1_68' title='bbox 1083 1199 1189 1280; x_wconf 82' lang='grc' dir='ltr'><strong><em>τριῶν</em></strong></span> <span class='ocrx_word' id='word_1_69' title='bbox 1207 1187 1541 1282; x_wconf 76' lang='grc' dir='ltr'><strong><em>παιδοποιησάμενον</em></strong></span> 
     </span>
     <span class='ocr_line' id='line_1_8' title="bbox 236 1287 1541 1386; baseline -0.005 -20"><span class='ocrx_word' id='word_1_70' title='bbox 236 1295 407 1386; x_wconf 82' lang='grc' dir='ltr'><strong><em>γυνάικῶν</em></strong></span> <span class='ocrx_word' id='word_1_71' title='bbox 429 1289 470 1366; x_wconf 88' lang='grc' dir='ltr'><strong><em>ού</em></strong></span> <span class='ocrx_word' id='word_1_72' title='bbox 492 1287 537 1363; x_wconf 85' lang='grc' dir='ltr'><strong><em>δι’</em></strong></span> <span class='ocrx_word' id='word_1_73' title='bbox 561 1289 684 1381; x_wconf 80' lang='grc' dir='ltr'><strong><em>ἡδονῆς</em></strong></span> <span class='ocrx_word' id='word_1_74' title='bbox 709 1288 907 1378; x_wconf 70' lang='grc' dir='ltr'><strong><em>ἀπόλαυσιν,</em></strong></span> <span class='ocrx_word' id='word_1_75' title='bbox 938 1289 984 1364; x_wconf 81' lang='grc' dir='ltr'><strong><em>δι’</em></strong></span> <span class='ocrx_word' id='word_1_76' title='bbox 1007 1297 1128 1366; x_wconf 87' lang='grc' dir='ltr'><strong><em>ἐλπίδα</em></strong></span> <span class='ocrx_word' id='word_1_77' title='bbox 1154 1297 1203 1376; x_wconf 89' lang='grc' dir='ltr'><strong><em>δέ,</em></strong></span> <span class='ocrx_word' id='word_1_78' title='bbox 1235 1293 1341 1380; x_wconf 90' lang='grc' dir='ltr'><strong><em>σίμαι,</em></strong></span> <span class='ocrx_word' id='word_1_79' title='bbox 1373 1297 1436 1364; x_wconf 84' lang='grc' dir='ltr'><strong><em>τοῦ</em></strong></span> <span class='ocrx_word' id='word_1_80' title='bbox 1456 1299 1541 1380; x_wconf 90' lang='grc' dir='ltr'><strong><em>πλη-</em></strong></span> 
     </span>
     <span class='ocr_line' id='line_1_9' title="bbox 237 1389 1541 1482; baseline -0.002 -18"><span class='ocrx_word' id='word_1_81' title='bbox 237 1399 339 1466; x_wconf 84' lang='grc' dir='ltr'><strong><em>θῦναι</em></strong></span> <span class='ocrx_word' id='word_1_82' title='bbox 367 1392 527 1480; x_wconf 85' lang='grc' dir='ltr'><strong><em>τὸγένος</em></strong></span> <span class='ocrx_word' id='word_1_83' title='bbox 553 1398 591 1463; x_wconf 88' lang='grc' dir='ltr'><strong><em>έν</em></strong></span> <span class='ocrx_word' id='word_1_84' title='bbox 617 1389 714 1479; x_wconf 83' lang='grc' dir='ltr'><strong><em>ἀρχῇ,</em></strong></span> <span class='ocrx_word' id='word_1_85' title='bbox 744 1391 791 1474; x_wconf 80' lang='grc' dir='ltr'><strong><em>είς</em></strong></span> <span class='ocrx_word' id='word_1_86' title='bbox 811 1389 916 1480; x_wconf 80' lang='grc' dir='ltr'><strong><em>μόνος</em></strong></span> <span class='ocrx_word' id='word_1_87' title='bbox 942 1397 1128 1482; x_wconf 77' lang='grc' dir='ltr'><strong><em>διαδέχεται</em></strong></span> <span class='ocrx_word' id='word_1_88' title='bbox 1148 1389 1361 1482; x_wconf 83' lang='grc' dir='ltr'><strong><em>κληρονόμος</em></strong></span> <span class='ocrx_word' id='word_1_89' title='bbox 1383 1398 1456 1462; x_wconf 83' lang='grc' dir='ltr'><strong><em>τῶν</em></strong></span> <span class='ocrx_word' id='word_1_90' title='bbox 1478 1421 1541 1462; x_wconf 86' lang='grc' dir='ltr'><strong><em>πα-</em></strong></span> 
     </span>
     <span class='ocr_line' id='line_1_10' title="bbox 237 1485 1576 1582; baseline -0.002 -19"><span class='ocrx_word' id='word_1_91' title='bbox 237 1491 364 1582; x_wconf 74' lang='grc' dir='ltr'><strong><em>τρῴων</em></strong></span> <span class='ocrx_word' id='word_1_92' title='bbox 386 1489 538 1582; x_wconf 83' lang='grc' dir='ltr'><strong><em>ἀγαθῶν,</em></strong></span> <span class='ocrx_word' id='word_1_93' title='bbox 561 1495 594 1564; x_wconf 78' lang='grc' dir='ltr'><strong><em>οἱ</em></strong></span> <span class='ocrx_word' id='word_1_94' title='bbox 616 1495 651 1560; x_wconf 80' lang='grc' dir='ltr'><strong><em>δὲ</em></strong></span> <span class='ocrx_word' id='word_1_95' title='bbox 670 1491 769 1564; x_wconf 88' lang='grc' dir='ltr'><strong><em>άλλοι</em></strong></span> <span class='ocrx_word' id='word_1_96' title='bbox 784 1495 1013 1582; x_wconf 84' lang='grc' dir='ltr'><strong><em>διῳκίσθησαν</em></strong></span> <span class='ocrx_word' id='word_1_97' title='bbox 1029 1498 1089 1582; x_wconf 85' lang='grc' dir='ltr'><strong><em>τῆς</em></strong></span> <span class='ocrx_word' id='word_1_98' title='bbox 1103 1499 1306 1581; x_wconf 92' lang='grc' dir='ltr'><strong><em>συγγενείας·</em></strong></span> <span class='ocrx_word' id='word_1_99' title='bbox 1329 1493 1366 1560; x_wconf 80' lang='grc' dir='ltr'><strong><em>ἔκ</em></strong></span> <span class='ocrx_word' id='word_1_100' title='bbox 1381 1519 1417 1560; x_wconf 91' lang='grc' dir='ltr'><strong><em>τε</em></strong></span> <span class='ocrx_word' id='word_1_101' title='bbox 1433 1485 1541 1562; x_wconf 86' lang='grc' dir='ltr'><strong><em>αύτοῦ</em></strong></span> <span class='ocrx_word' id='word_1_102' title='bbox 1558 1501 1576 1554; x_wconf 74' lang='grc' dir='ltr'><strong><em>θ</em></strong></span> 
     </span>
    </p>

    <p class='ocr_par' dir='ltr' id='par_1_4' title="bbox 187 1584 1639 2080">
     <span class='ocr_line' id='line_1_11' title="bbox 187 1584 1540 1682; baseline -0.004 -18"><span class='ocrx_word' id='word_1_103' title='bbox 187 1609 219 1664; x_wconf 88' lang='lat'><strong><em>10</em></strong></span> <span class='ocrx_word' id='word_1_104' title='bbox 236 1590 385 1681; x_wconf 78' lang='grc' dir='ltr'><strong><em>διδύμων</em></strong></span> <span class='ocrx_word' id='word_1_105' title='bbox 408 1597 598 1680; x_wconf 88' lang='grc' dir='ltr'><strong><em>γενομένων</em></strong></span> <span class='ocrx_word' id='word_1_106' title='bbox 621 1584 639 1662; x_wconf 88' lang='grc' dir='ltr'><strong><em>ό</em></strong></span> <span class='ocrx_word' id='word_1_107' title='bbox 663 1591 830 1678; x_wconf 80' lang='grc' dir='ltr'><strong><em>νεώτερος</em></strong></span> <span class='ocrx_word' id='word_1_108' title='bbox 851 1603 1057 1682; x_wconf 74' lang='grc' dir='ltr'><strong><em>κληρονομεῖ</em></strong></span> <span class='ocrx_word' id='word_1_109' title='bbox 1070 1587 1247 1680; x_wconf 75' lang='grc' dir='ltr'><strong><em>εὐάρεστος</em></strong></span> <span class='ocrx_word' id='word_1_110' title='bbox 1261 1595 1312 1680; x_wconf 83' lang='grc' dir='ltr'><strong><em>τῷ</em></strong></span> <span class='ocrx_word' id='word_1_111' title='bbox 1328 1597 1432 1676; x_wconf 86' lang='grc' dir='ltr'><strong><em>πατρί</em></strong></span> <span class='ocrx_word' id='word_1_112' title='bbox 1447 1585 1540 1676; x_wconf 87' lang='grc' dir='ltr'><strong><em>γενό·</em></strong></span> 
     </span>
     <span class='ocr_line' id='line_1_12' title="bbox 234 1683 1540 1779; baseline -0.003 -17"><span class='ocrx_word' id='word_1_113' title='bbox 234 1719 349 1778; x_wconf 91' lang='grc' dir='ltr'><strong><em>μενος,</em></strong></span> <span class='ocrx_word' id='word_1_114' title='bbox 380 1698 436 1762; x_wconf 86' lang='grc' dir='ltr'><strong><em>καί</em></strong></span> <span class='ocrx_word' id='word_1_115' title='bbox 468 1689 528 1772; x_wconf 82' lang='grc' dir='ltr'><strong><em>τὰς</em></strong></span> <span class='ocrx_word' id='word_1_116' title='bbox 557 1685 654 1777; x_wconf 79' lang='grc' dir='ltr'><strong><em>εὐχάς</em></strong></span> <span class='ocrx_word' id='word_1_117' title='bbox 684 1687 856 1779; x_wconf 80' lang='grc' dir='ltr'><strong><em>λαμβάνει,</em></strong></span> <span class='ocrx_word' id='word_1_118' title='bbox 888 1689 1038 1764; x_wconf 84' lang='grc' dir='ltr'><strong><em>δουλεύει</em></strong></span> <span class='ocrx_word' id='word_1_119' title='bbox 1065 1697 1100 1762; x_wconf 78' lang='grc' dir='ltr'><strong><em>δὲ</em></strong></span> <span class='ocrx_word' id='word_1_120' title='bbox 1127 1687 1146 1762; x_wconf 85' lang='grc' dir='ltr'>ὁ</span> <span class='ocrx_word' id='word_1_121' title='bbox 1173 1689 1397 1778; x_wconf 90' lang='grc' dir='ltr'><strong><em>πρεσβύτερος</em></strong></span> <span class='ocrx_word' id='word_1_122' title='bbox 1427 1683 1540 1778; x_wconf 83' lang='grc' dir='ltr'><strong><em>αύτῷ·</em></strong></span> 
     </span>
     <span class='ocr_line' id='line_1_13' title="bbox 235 1785 1577 1881; baseline -0.005 -21"><span class='ocrx_word' id='word_1_123' title='bbox 235 1787 370 1878; x_wconf 80' lang='grc' dir='ltr'><strong><em>ἀγαθὸν</em></strong></span> <span class='ocrx_word' id='word_1_124' title='bbox 391 1789 454 1878; x_wconf 87' lang='grc' dir='ltr'><strong><em>γάρ</em></strong></span> <span class='ocrx_word' id='word_1_125' title='bbox 476 1795 634 1878; x_wconf 91' lang='grc' dir='ltr'><strong><em>μέγιστον</em></strong></span> <span class='ocrx_word' id='word_1_126' title='bbox 656 1795 707 1880; x_wconf 80' lang='grc' dir='ltr'><strong><em>τῷ</em></strong></span> <span class='ocrx_word' id='word_1_127' title='bbox 730 1787 851 1878; x_wconf 82' lang='grc' dir='ltr'><strong><em>φαύλῳ</em></strong></span> <span class='ocrx_word' id='word_1_128' title='bbox 875 1789 915 1862; x_wconf 86' lang='grc' dir='ltr'><strong><em>τό</em></strong></span> <span class='ocrx_word' id='word_1_129' title='bbox 936 1790 981 1881; x_wconf 78' lang='grc' dir='ltr'><strong><em>μὴ</em></strong></span> <span class='ocrx_word' id='word_1_130' title='bbox 1001 1787 1226 1878; x_wconf 80' lang='grc' dir='ltr'><strong><em>αύτεξούσιον.</em></strong></span> <span class='ocrx_word' id='word_1_131' title='bbox 1262 1785 1281 1878; x_wconf 77' lang='grc' dir='ltr'><em>ἡ</em></span> <span class='ocrx_word' id='word_1_132' title='bbox 1305 1795 1340 1860; x_wconf 74' lang='grc' dir='ltr'><strong><em>δὲ</em></strong></span> <span class='ocrx_word' id='word_1_133' title='bbox 1363 1794 1577 1876; x_wconf 76' lang='grc' dir='ltr'><strong><em>οίκονομίαθ</em></strong></span> 
     </span>
     <span class='ocr_line' id='line_1_14' title="bbox 235 1883 1629 1980; baseline -0.004 -19"><span class='ocrx_word' id='word_1_134' title='bbox 235 1883 321 1978; x_wconf 85' lang='grc' dir='ltr'><strong><em>αύτη</em></strong></span> <span class='ocrx_word' id='word_1_135' title='bbox 352 1895 406 1962; x_wconf 84' lang='grc' dir='ltr'><strong><em>καὶ</em></strong></span> <span class='ocrx_word' id='word_1_136' title='bbox 437 1887 632 1978; x_wconf 81' lang='grc' dir='ltr'><strong><em>προφητικὴ</em></strong></span> <span class='ocrx_word' id='word_1_137' title='bbox 662 1893 717 1958; x_wconf 84' lang='grc' dir='ltr'><strong><em>καὶ</em></strong></span> <span class='ocrx_word' id='word_1_138' title='bbox 749 1887 880 1980; x_wconf 86' lang='grc' dir='ltr'><strong><em>τυπική.</em></strong></span> <span class='ocrx_word' id='word_1_139' title='bbox 929 1883 983 1961; x_wconf 85' lang='grc' dir='ltr'><strong><em>ὅτι</em></strong></span> <span class='ocrx_word' id='word_1_140' title='bbox 1014 1896 1049 1962; x_wconf 75' lang='grc' dir='ltr'><strong><em>δὲ</em></strong></span> <span class='ocrx_word' id='word_1_141' title='bbox 1081 1895 1143 1962; x_wconf 80' lang='grc' dir='ltr'><strong><em>τοῦ</em></strong></span> <span class='ocrx_word' id='word_1_142' title='bbox 1173 1895 1284 1977; x_wconf 85' lang='grc' dir='ltr'><strong><em>σοφοῦ</em></strong></span> <span class='ocrx_word' id='word_1_143' title='bbox 1313 1885 1427 1960; x_wconf 88' lang='grc' dir='ltr'><strong><em>πάντα</em></strong></span> <span class='ocrx_word' id='word_1_144' title='bbox 1457 1889 1538 1968; x_wconf 83' lang='grc' dir='ltr'><strong><em>ἐστί,</em></strong></span> <span class='ocrx_word' id='word_1_145' title='bbox 1614 1899 1629 1928; x_wconf 79' lang='grc'><em>·</em></span> 
     </span>
     <span class='ocr_line' id='line_1_15' title="bbox 235 1983 1639 2080; baseline -0.004 -20"><span class='ocrx_word' id='word_1_146' title='bbox 235 1995 354 2076; x_wconf 80' lang='grc' dir='ltr'><strong><em>σαφῶς</em></strong></span> <span class='ocrx_word' id='word_1_147' title='bbox 375 1986 491 2078; x_wconf 88' lang='grc' dir='ltr'><strong><em>μηνύει</em></strong></span> <span class='ocrx_word' id='word_1_148' title='bbox 513 1993 637 2076; x_wconf 86' lang='grc' dir='ltr'><strong><em>λέγων·</em></strong></span> <span class='ocrx_word' id='word_1_149' title='bbox 677 1984 784 2060; x_wconf 75' lang='grc' dir='ltr'><strong><em>»διότι</em></strong></span> <span class='ocrx_word' id='word_1_150' title='bbox 810 1985 950 2079; x_wconf 77' lang='grc' dir='ltr'><strong><em>ἠλέησέν</em></strong></span> <span class='ocrx_word' id='word_1_151' title='bbox 972 2019 1011 2080; x_wconf 91' lang='grc' dir='ltr'><strong><em>με</em></strong></span> <span class='ocrx_word' id='word_1_152' title='bbox 1034 1985 1053 2062; x_wconf 87' lang='grc' dir='ltr'><strong><em>δ</em></strong></span> <span class='ocrx_word' id='word_1_153' title='bbox 1076 1985 1171 2074; x_wconf 92' lang='grc' dir='ltr'><strong><em>θεός,</em></strong></span> <span class='ocrx_word' id='word_1_154' title='bbox 1203 1991 1273 2060; x_wconf 81' lang='grc' dir='ltr'><strong><em>ἐστι</em></strong></span> <span class='ocrx_word' id='word_1_155' title='bbox 1293 1995 1297 2074; x_wconf 72' lang='grc' dir='ltr'><strong><em>ί</em></strong></span> <span class='ocrx_word' id='word_1_156' title='bbox 1315 2015 1371 2076; x_wconf 93' lang='grc' dir='ltr'><strong><em>μοι</em></strong></span> <span class='ocrx_word' id='word_1_157' title='bbox 1394 1983 1534 2058; x_wconf 82' lang='grc' dir='ltr'><strong><em>πάνται</em></strong></span> <span class='ocrx_word' id='word_1_158' title='bbox 1555 1999 1639 2056; x_wconf 78' lang='grc' dir='ltr'><strong>482Ρ</strong></span> 
     </span>
    </p>

    <p class='ocr_par' dir='ltr' id='par_1_5' title="bbox 186 2081 1656 2576">
     <span class='ocr_line' id='line_1_16' title="bbox 186 2081 1539 2178; baseline -0.001 -20"><span class='ocrx_word' id='word_1_159' title='bbox 186 2107 217 2160; x_wconf 80' lang='grc'><strong><em>15</em></strong></span> <span class='ocrx_word' id='word_1_160' title='bbox 236 2086 310 2170; x_wconf 73' lang='grc' dir='ltr'><strong><em>ἑνὸς</em></strong></span> <span class='ocrx_word' id='word_1_161' title='bbox 332 2085 396 2176; x_wconf 87' lang='grc' dir='ltr'><strong><em>γάρ</em></strong></span> <span class='ocrx_word' id='word_1_162' title='bbox 418 2093 488 2158; x_wconf 75' lang='grc' dir='ltr'><strong><em>δεῖν</em></strong></span> <span class='ocrx_word' id='word_1_163' title='bbox 510 2081 687 2176; x_wconf 79' lang='grc' dir='ltr'><strong><em>ὀρέγεσθαι</em></strong></span> <span class='ocrx_word' id='word_1_164' title='bbox 709 2084 868 2172; x_wconf 84' lang='grc' dir='ltr'><strong><em>διδάσκει,</em></strong></span> <span class='ocrx_word' id='word_1_165' title='bbox 897 2087 942 2162; x_wconf 74' lang='grc' dir='ltr'><strong><em>δι’</em></strong></span> <span class='ocrx_word' id='word_1_166' title='bbox 965 2082 1006 2162; x_wconf 82' lang='grc' dir='ltr'><strong><em>οὗ</em></strong></span> <span class='ocrx_word' id='word_1_167' title='bbox 1028 2089 1071 2160; x_wconf 83' lang='grc' dir='ltr'><strong><em>τά</em></strong></span> <span class='ocrx_word' id='word_1_168' title='bbox 1093 2087 1208 2161; x_wconf 88' lang='grc' dir='ltr'><strong><em>πάντα</em></strong></span> <span class='ocrx_word' id='word_1_169' title='bbox 1229 2093 1366 2178; x_wconf 84' lang='grc' dir='ltr'><strong><em>γέγονεν</em></strong></span> <span class='ocrx_word' id='word_1_170' title='bbox 1387 2094 1443 2157; x_wconf 84' lang='grc' dir='ltr'><strong><em>κιίί</em></strong></span> <span class='ocrx_word' id='word_1_171' title='bbox 1465 2103 1539 2168; x_wconf 80' lang='grc' dir='ltr'><strong><em>τοις</em></strong></span> 
     </span>
     <span class='ocr_line' id='line_1_17' title="bbox 236 2181 1656 2280; baseline -0.004 -22"><span class='ocrx_word' id='word_1_172' title='bbox 236 2183 340 2273; x_wconf 76' lang='grc' dir='ltr'><strong><em>ἀξίοις</em></strong></span> <span class='ocrx_word' id='word_1_173' title='bbox 372 2184 413 2257; x_wconf 88' lang='grc' dir='ltr'><strong><em>τά</em></strong></span> <span class='ocrx_word' id='word_1_174' title='bbox 444 2190 672 2274; x_wconf 76' lang='grc' dir='ltr'><strong><em>ἐπηγγελμένα</em></strong></span> <span class='ocrx_word' id='word_1_175' title='bbox 709 2193 850 2276; x_wconf 85' lang='grc' dir='ltr'><strong><em>νέμεται.</em></strong></span> <span class='ocrx_word' id='word_1_176' title='bbox 902 2187 1119 2280; x_wconf 88' lang='grc' dir='ltr'><strong><em>κληρονόμον</em></strong></span> <span class='ocrx_word' id='word_1_177' title='bbox 1154 2181 1217 2260; x_wconf 83' lang='grc' dir='ltr'><strong><em>σύν</em></strong></span> <span class='ocrx_word' id='word_1_178' title='bbox 1256 2187 1317 2260; x_wconf 87' lang='grc' dir='ltr'><strong><em>τόν</em></strong></span> <span class='ocrx_word' id='word_1_179' title='bbox 1352 2191 1539 2258; x_wconf 75' lang='grc' dir='ltr'><strong><em>σπουδαῖον</em></strong></span> <span class='ocrx_word' id='word_1_180' title='bbox 1559 2197 1656 2263; x_wconf 83' lang='grc'>100,1</span> 
     </span>
     <span class='ocr_line' id='line_1_18' title="bbox 235 2279 1540 2378; baseline -0.003 -20"><span class='ocrx_word' id='word_1_181' title='bbox 235 2281 418 2376; x_wconf 88' lang='grc' dir='ltr'><strong><em>γενόμενον</em></strong></span> <span class='ocrx_word' id='word_1_182' title='bbox 453 2291 514 2374; x_wconf 87' lang='grc' dir='ltr'><strong><em>τῆς</em></strong></span> <span class='ocrx_word' id='word_1_183' title='bbox 553 2293 720 2371; x_wconf 82' lang='grc' dir='ltr'><strong><em>βασιλείας</em></strong></span> <span class='ocrx_word' id='word_1_184' title='bbox 750 2295 961 2378; x_wconf 89' lang='grc' dir='ltr'><strong><em>συμπολίτην</em></strong></span> <span class='ocrx_word' id='word_1_185' title='bbox 995 2287 1049 2360; x_wconf 80' lang='grc' dir='ltr'><strong><em>διὰ</em></strong></span> <span class='ocrx_word' id='word_1_186' title='bbox 1086 2295 1147 2378; x_wconf 82' lang='grc' dir='ltr'><strong><em>τῆς</em></strong></span> <span class='ocrx_word' id='word_1_187' title='bbox 1179 2295 1275 2368; x_wconf 89' lang='grc' dir='ltr'><strong><em>θείας</em></strong></span> <span class='ocrx_word' id='word_1_188' title='bbox 1310 2293 1431 2372; x_wconf 80' lang='grc' dir='ltr'><strong><em>σοφίας</em></strong></span> <span class='ocrx_word' id='word_1_189' title='bbox 1461 2279 1540 2355; x_wconf 86' lang='grc' dir='ltr'><strong><em>ἀνα-</em></strong></span> 
     </span>
     <span class='ocr_line' id='line_1_19' title="bbox 236 2382 1539 2476; baseline -0.002 -18"><span class='ocrx_word' id='word_1_190' title='bbox 236 2382 354 2476; x_wconf 90' lang='grc' dir='ltr'><strong><em>γράφει</em></strong></span> <span class='ocrx_word' id='word_1_191' title='bbox 392 2391 447 2455; x_wconf 85' lang='grc' dir='ltr'><strong><em>καί</em></strong></span> <span class='ocrx_word' id='word_1_192' title='bbox 486 2391 559 2456; x_wconf 83' lang='grc' dir='ltr'><strong><em>τῶν</em></strong></span> <span class='ocrx_word' id='word_1_193' title='bbox 591 2382 696 2458; x_wconf 89' lang='grc' dir='ltr'><strong><em>πάλαι</em></strong></span> <span class='ocrx_word' id='word_1_194' title='bbox 730 2393 884 2471; x_wconf 87' lang='grc' dir='ltr'><strong><em>δικαίων,</em></strong></span> <span class='ocrx_word' id='word_1_195' title='bbox 917 2395 989 2458; x_wconf 81' lang='grc' dir='ltr'><strong><em>τῶν</em></strong></span> <span class='ocrx_word' id='word_1_196' title='bbox 1024 2387 1111 2458; x_wconf 86' lang='grc' dir='ltr'><strong><em>κατὰ</em></strong></span> <span class='ocrx_word' id='word_1_197' title='bbox 1148 2388 1211 2460; x_wconf 87' lang='grc' dir='ltr'><strong><em>τὸν</em></strong></span> <span class='ocrx_word' id='word_1_198' title='bbox 1248 2383 1355 2474; x_wconf 87' lang='grc' dir='ltr'><strong><em>νόμον</em></strong></span> <span class='ocrx_word' id='word_1_199' title='bbox 1386 2393 1441 2456; x_wconf 78' lang='grc' dir='ltr'><strong><em>καὶ</em></strong></span> <span class='ocrx_word' id='word_1_200' title='bbox 1472 2383 1539 2470; x_wconf 88' lang='grc' dir='ltr'><strong><em>πρὸ</em></strong></span> 
     </span>
     <span class='ocr_line' id='line_1_20' title="bbox 236 2477 1540 2576; baseline -0.005 -19"><span class='ocrx_word' id='word_1_201' title='bbox 236 2483 342 2574; x_wconf 88' lang='grc' dir='ltr'><strong><em>νόμου</em></strong></span> <span class='ocrx_word' id='word_1_202' title='bbox 364 2491 514 2574; x_wconf 87' lang='grc' dir='ltr'><strong><em>νομίμως</em></strong></span> <span class='ocrx_word' id='word_1_203' title='bbox 535 2481 764 2570; x_wconf 81' lang='grc' dir='ltr'><strong><em>βεβιωκότων,</em></strong></span> <span class='ocrx_word' id='word_1_204' title='bbox 788 2477 839 2556; x_wconf 69' lang='grc' dir='ltr'><strong><em>σόν</em></strong></span> <span class='ocrx_word' id='word_1_205' title='bbox 860 2487 894 2558; x_wconf 78' lang='grc' dir='ltr'><strong><em>αἱ</em></strong></span> <span class='ocrx_word' id='word_1_206' title='bbox 915 2483 1051 2572; x_wconf 80' lang='grc' dir='ltr'><strong><em>πράξεις</em></strong></span> <span class='ocrx_word' id='word_1_207' title='bbox 1074 2483 1172 2576; x_wconf 92' lang='grc' dir='ltr'><strong><em>νόμοι</em></strong></span> <span class='ocrx_word' id='word_1_208' title='bbox 1194 2484 1369 2576; x_wconf 90' lang='grc' dir='ltr'><strong><em>γεγόνασιν</em></strong></span> <span class='ocrx_word' id='word_1_209' title='bbox 1386 2489 1432 2566; x_wconf 90' lang='grc' dir='ltr'><strong><em>είς</em></strong></span> <span class='ocrx_word' id='word_1_210' title='bbox 1447 2479 1540 2572; x_wconf 79' lang='grc' dir='ltr'><strong><em>ἡμᾶς.</em></strong></span> 
     </span>
    </p>

    <p class='ocr_par' dir='ltr' id='par_1_6' title="bbox 183 2575 1576 2774">
     <span class='ocr_line' id='line_1_21' title="bbox 183 2575 1576 2676; baseline -0.002 -22"><span class='ocrx_word' id='word_1_211' title='bbox 183 2598 218 2654; x_wconf 73' lang='grc'><strong><em>’30</em></strong></span> <span class='ocrx_word' id='word_1_212' title='bbox 235 2582 340 2657; x_wconf 85' lang='grc' dir='ltr'><strong><em>πάλιν</em></strong></span> <span class='ocrx_word' id='word_1_213' title='bbox 361 2613 397 2655; x_wconf 95' lang='grc' dir='ltr'><strong><em>τε</em></strong></span> <span class='ocrx_word' id='word_1_214' title='bbox 420 2575 462 2654; x_wconf 86' lang='grc' dir='ltr'><strong><em>αύ</em></strong></span> <span class='ocrx_word' id='word_1_215' title='bbox 482 2591 618 2668; x_wconf 89' lang='grc' dir='ltr'><strong><em>βασιλέα</em></strong></span> <span class='ocrx_word' id='word_1_216' title='bbox 642 2583 704 2656; x_wconf 86' lang='grc' dir='ltr'><strong><em>τόν</em></strong></span> <span class='ocrx_word' id='word_1_217' title='bbox 730 2583 840 2672; x_wconf 86' lang='grc' dir='ltr'><strong><em>σοφόν</em></strong></span> <span class='ocrx_word' id='word_1_218' title='bbox 866 2583 1036 2658; x_wconf 87' lang='grc' dir='ltr'><strong><em>διδάσκων</em></strong></span> <span class='ocrx_word' id='word_1_219' title='bbox 1062 2585 1143 2670; x_wconf 85' lang='grc' dir='ltr'><strong><em>τούς</em></strong></span> <span class='ocrx_word' id='word_1_220' title='bbox 1168 2585 1213 2676; x_wconf 83' lang='grc' dir='ltr'><strong><em>μὴ</em></strong></span> <span class='ocrx_word' id='word_1_221' title='bbox 1236 2580 1430 2674; x_wconf 85' lang='grc' dir='ltr'><strong><em>ὁμοφύλους</em></strong></span> <span class='ocrx_word' id='word_1_222' title='bbox 1450 2598 1576 2654; x_wconf 68' lang='grc' dir='ltr'><strong><em>ποιιῑά</em></strong></span> 
     </span>
     <span class='ocr_line' id='line_1_22' title="bbox 235 2679 1539 2774; baseline -0.003 -16"><span class='ocrx_word' id='word_1_223' title='bbox 235 2691 396 2772; x_wconf 89' lang='grc' dir='ltr'><strong><em>λέγοντας</em></strong></span> <span class='ocrx_word' id='word_1_224' title='bbox 411 2679 520 2772; x_wconf 84' lang='grc' dir='ltr'><strong><em>αύτῷ·</em></strong></span> <span class='ocrx_word' id='word_1_225' title='bbox 545 2683 715 2768; x_wconf 76' lang='grc' dir='ltr'><strong><em>»βασιλεὺς</em></strong></span> <span class='ocrx_word' id='word_1_226' title='bbox 729 2683 821 2770; x_wconf 87' lang='grc' dir='ltr'><strong><em>παρά</em></strong></span> <span class='ocrx_word' id='word_1_227' title='bbox 842 2689 927 2756; x_wconf 87' lang='grc' dir='ltr'><strong><em>θεοῦ</em></strong></span> <span class='ocrx_word' id='word_1_228' title='bbox 942 2684 981 2755; x_wconf 84' lang='grc' dir='ltr'><strong><em>σύ</em></strong></span> <span class='ocrx_word' id='word_1_229' title='bbox 996 2688 1034 2755; x_wconf 79' lang='grc' dir='ltr'><strong><em>ἐν</em></strong></span> <span class='ocrx_word' id='word_1_230' title='bbox 1048 2681 1127 2774; x_wconf 75' lang='grc' dir='ltr'><strong><em>ἡμῖν</em></strong></span> <span class='ocrx_word' id='word_1_231' title='bbox 1143 2687 1198 2770; x_wconf 86' lang='grc' dir='ltr'><strong><em>εί,ι</em></strong></span> <span class='ocrx_word' id='word_1_232' title='bbox 1223 2689 1407 2771; x_wconf 81' lang='grc' dir='ltr'><strong><em>ἐθελουσίῳ</em></strong></span> <span class='ocrx_word' id='word_1_233' title='bbox 1423 2681 1539 2771; x_wconf 82' lang='grc' dir='ltr'><strong><em>γναίμη</em></strong></span> 
     </span>
    </p>
   </div>
   <div class='ocr_carea' id='block_1_3' title="bbox 237 2777 1637 3072">
    <p class='ocr_par' dir='ltr' id='par_1_7' title="bbox 237 2777 1637 3072">
     <span class='ocr_line' id='line_1_23' title="bbox 237 2777 1637 2873; baseline -0.002 -19"><span class='ocrx_word' id='word_1_234' title='bbox 237 2791 309 2856; x_wconf 83' lang='grc' dir='ltr'><strong><em>τῶν</em></strong></span> <span class='ocrx_word' id='word_1_235' title='bbox 332 2779 531 2872; x_wconf 86' lang='grc' dir='ltr'><strong><em>ἀρχομένων</em></strong></span> <span class='ocrx_word' id='word_1_236' title='bbox 549 2791 554 2866; x_wconf 89' lang='grc' dir='ltr'>Ι</span> <span class='ocrx_word' id='word_1_237' title='bbox 574 2779 628 2854; x_wconf 85' lang='grc' dir='ltr'><strong><em>διά</em></strong></span> <span class='ocrx_word' id='word_1_238' title='bbox 650 2788 753 2870; x_wconf 81' lang='grc' dir='ltr'><strong><em>ζῆλον</em></strong></span> <span class='ocrx_word' id='word_1_239' title='bbox 774 2777 897 2873; x_wconf 84' lang='grc' dir='ltr'><strong><em>ἀρετῆς</em></strong></span> <span class='ocrx_word' id='word_1_240' title='bbox 918 2779 1169 2856; x_wconf 88' lang='grc' dir='ltr'><strong><em>ύπακουόντων</em></strong></span> <span class='ocrx_word' id='word_1_241' title='bbox 1190 2791 1240 2873; x_wconf 83' lang='grc' dir='ltr'><strong><em>τῷ</em></strong></span> <span class='ocrx_word' id='word_1_242' title='bbox 1263 2787 1447 2872; x_wconf 86' lang='grc' dir='ltr'><strong><em>σπουδαίῳ.</em></strong></span> <span class='ocrx_word' id='word_1_243' title='bbox 1559 2785 1637 2841; x_wconf 71' lang='lat'><strong><em>1748</em></strong></span> 
     </span>
     <span class='ocr_line' id='line_1_24' title="bbox 318 2877 1577 2972; baseline -0.002 -19"><span class='ocrx_word' id='word_1_244' title='bbox 318 2879 467 2954; x_wconf 86' lang='grc' dir='ltr'><strong><em>Πλάτων</em></strong></span> <span class='ocrx_word' id='word_1_245' title='bbox 489 2887 524 2952; x_wconf 76' lang='grc' dir='ltr'><strong><em>δὲ</em></strong></span> <span class='ocrx_word' id='word_1_246' title='bbox 546 2877 565 2953; x_wconf 88' lang='grc' dir='ltr'><strong><em>ό</em></strong></span> <span class='ocrx_word' id='word_1_247' title='bbox 588 2877 787 2968; x_wconf 87' lang='grc' dir='ltr'><strong><em>φιλόσοφος,</em></strong></span> <span class='ocrx_word' id='word_1_248' title='bbox 810 2879 1025 2972; x_wconf 89' lang='grc' dir='ltr'><strong><em>εύδαιμονίαν</em></strong></span> <span class='ocrx_word' id='word_1_249' title='bbox 1040 2889 1138 2966; x_wconf 81' lang='grc' dir='ltr'><strong><em>τέλος</em></strong></span> <span class='ocrx_word' id='word_1_250' title='bbox 1155 2890 1339 2972; x_wconf 85' lang='grc' dir='ltr'><strong><em>τιθέμενος,</em></strong></span> <span class='ocrx_word' id='word_1_251' title='bbox 1358 2877 1540 2970; x_wconf 74' lang='grc' dir='ltr'><strong><em>»ὁμοίωσιν</em></strong></span> <span class='ocrx_word' id='word_1_252' title='bbox 1559 2889 1577 2944; x_wconf 79' lang='lat'>8</span> 
     </span>
     <span class='ocr_line' id='line_1_25' title="bbox 237 2977 1541 3072; baseline -0.003 -18"><span class='ocrx_word' id='word_1_253' title='bbox 237 2989 324 3072; x_wconf 76' lang='grc' dir='ltr'><strong><em>θεῷι</em></strong></span> <span class='ocrx_word' id='word_1_254' title='bbox 359 3005 462 3070; x_wconf 92' lang='grc' dir='ltr'><strong><em>φησιν</em></strong></span> <span class='ocrx_word' id='word_1_255' title='bbox 492 2977 600 3070; x_wconf 82' lang='grc' dir='ltr'><strong><em>αύτὴν</em></strong></span> <span class='ocrx_word' id='word_1_256' title='bbox 631 2981 715 3052; x_wconf 92' lang='grc' dir='ltr'><strong><em>είναι</em></strong></span> <span class='ocrx_word' id='word_1_257' title='bbox 745 2981 850 3052; x_wconf 76' lang='grc' dir='ltr'><strong><em>»κατὰ</em></strong></span> <span class='ocrx_word' id='word_1_258' title='bbox 873 2981 913 3054; x_wconf 87' lang='grc' dir='ltr'><strong><em>τὸ</em></strong></span> <span class='ocrx_word' id='word_1_259' title='bbox 936 2979 1118 3066; x_wconf 81' lang='grc' dir='ltr'><strong><em>δυνατόνι,</em></strong></span> <span class='ocrx_word' id='word_1_260' title='bbox 1142 2987 1208 3055; x_wconf 77' lang='grc' dir='ltr'><strong><em>εἴτε</em></strong></span> <span class='ocrx_word' id='word_1_261' title='bbox 1235 2989 1312 3068; x_wconf 83' lang='grc' dir='ltr'><strong><em>[καί]</em></strong></span> <span class='ocrx_word' id='word_1_262' title='bbox 1339 2980 1541 3068; x_wconf 82' lang='grc' dir='ltr'><strong><em>συνδραμών</em></strong></span> 
     </span>
    </p>
   </div>
   <div class='ocr_carea' id='block_1_4' title="bbox 233 3215 1542 4385">
    <p class='ocr_par' dir='ltr' id='par_1_8' title="bbox 233 3215 1542 4385">
     <span class='ocr_line' id='line_1_26' title="bbox 321 3215 1541 3292; baseline -0.003 -16"><span class='ocrx_word' id='word_1_263' title='bbox 321 3219 365 3276; x_wconf 75' lang='grc'><strong><em>41</em></strong></span> <span class='ocrx_word' id='word_1_264' title='bbox 380 3218 435 3290; x_wconf 76' lang='lat' dir='ltr'>vgl.</span> <span class='ocrx_word' id='word_1_265' title='bbox 456 3219 523 3274; x_wconf 81' lang='lat' dir='ltr'><strong>Gen.</strong></span> <span class='ocrx_word' id='word_1_266' title='bbox 543 3219 582 3272; x_wconf 77' lang='grc'><strong><em>71·</em></strong></span> <span class='ocrx_word' id='word_1_267' title='bbox 647 3217 728 3274; x_wconf 89' lang='lat' dir='ltr'><strong>Philo</strong></span> <span class='ocrx_word' id='word_1_268' title='bbox 746 3219 780 3274; x_wconf 84' lang='grc' dir='ltr'><strong><em>δε</em></strong></span> <span class='ocrx_word' id='word_1_269' title='bbox 797 3219 910 3275; x_wconf 84' lang='lat' dir='ltr'>nobil.3</span> <span class='ocrx_word' id='word_1_270' title='bbox 929 3220 963 3280; x_wconf 68' lang='lat'><strong><em>(11</em></strong></span> <span class='ocrx_word' id='word_1_271' title='bbox 983 3237 1007 3292; x_wconf 87' lang='lat' dir='ltr'><strong><em>p.</em></strong></span> <span class='ocrx_word' id='word_1_272' title='bbox 1021 3219 1143 3286; x_wconf 79' lang='grc'>439111)</span> <span class='ocrx_word' id='word_1_273' title='bbox 1162 3217 1234 3290; x_wconf 72' lang='grc' dir='ltr'><strong><em>ἀνὴρ</em></strong></span> <span class='ocrx_word' id='word_1_274' title='bbox 1252 3215 1409 3282; x_wconf 80' lang='grc' dir='ltr'><strong><em>ὁσιώτατος</em></strong></span> <span class='ocrx_word' id='word_1_275' title='bbox 1490 3215 1541 3285; x_wconf 89' lang='grc' dir='ltr'><strong><em>μό·</em></strong></span> 
     </span>
     <span class='ocr_line' id='line_1_27' title="bbox 235 3297 1540 3378; baseline -0.003 -20"><span class='ocrx_word' id='word_1_276' title='bbox 235 3323 283 3370; x_wconf 87' lang='grc' dir='ltr'><strong><em>νος</em></strong></span> <span class='ocrx_word' id='word_1_277' title='bbox 308 3301 380 3374; x_wconf 83' lang='grc' dir='ltr'><strong><em>μετὰ</em></strong></span> <span class='ocrx_word' id='word_1_278' title='bbox 407 3309 463 3358; x_wconf 89' lang='grc' dir='ltr'><strong><em>τῶν</em></strong></span> <span class='ocrx_word' id='word_1_279' title='bbox 490 3299 603 3358; x_wconf 76' lang='grc' dir='ltr'><strong><em>σίτείιον</em></strong></span> <span class='ocrx_word' id='word_1_280' title='bbox 629 3297 802 3378; x_wconf 78' lang='grc' dir='ltr'><strong><em>διασῴζεται.</em></strong></span> <span class='ocrx_word' id='word_1_281' title='bbox 893 3305 937 3361; x_wconf 76' lang='grc'><strong><em>51</em></strong></span> <span class='ocrx_word' id='word_1_282' title='bbox 956 3304 1011 3376; x_wconf 83' lang='lat' dir='ltr'>vgl.</span> <span class='ocrx_word' id='word_1_283' title='bbox 1034 3303 1291 3370; x_wconf 79' lang='lat' dir='ltr'>Strom.11124,3</span> <span class='ocrx_word' id='word_1_284' title='bbox 1372 3303 1465 3358; x_wconf 72' lang='lat'>0-12</span> <span class='ocrx_word' id='word_1_285' title='bbox 1485 3301 1540 3372; x_wconf 81' lang='lat' dir='ltr'>vgl.</span> 
     </span>
     <span class='ocr_line' id='line_1_28' title="bbox 235 3379 1540 3460; baseline -0.002 -18"><span class='ocrx_word' id='word_1_286' title='bbox 235 3387 315 3444; x_wconf 88' lang='lat' dir='ltr'><strong>Philo</strong></span> <span class='ocrx_word' id='word_1_287' title='bbox 334 3387 374 3442; x_wconf 76' lang='lat' dir='ltr'><strong><em>Do</em></strong></span> <span class='ocrx_word' id='word_1_288' title='bbox 391 3387 476 3442; x_wconf 85' lang='lat' dir='ltr'><strong>nobil.</strong></span> <span class='ocrx_word' id='word_1_289' title='bbox 494 3389 511 3441; x_wconf 78' lang='lat'>4</span> <span class='ocrx_word' id='word_1_290' title='bbox 541 3379 681 3452; x_wconf 85' lang='grc' dir='ltr'><strong><em>πολύπαις</em></strong></span> <span class='ocrx_word' id='word_1_291' title='bbox 709 3385 742 3457; x_wconf 76' lang='grc' dir='ltr'><strong><em>ην</em></strong></span> <span class='ocrx_word' id='word_1_292' title='bbox 764 3385 781 3442; x_wconf 89' lang='grc' dir='ltr'><strong><em>δ</em></strong></span> <span class='ocrx_word' id='word_1_293' title='bbox 804 3395 918 3460; x_wconf 90' lang='grc' dir='ltr'><strong><em>πρῶτος</em></strong></span> <span class='ocrx_word' id='word_1_294' title='bbox 939 3386 972 3445; x_wconf 88' lang='grc' dir='ltr'><strong><em>ἐκ</em></strong></span> <span class='ocrx_word' id='word_1_295' title='bbox 993 3395 1081 3459; x_wconf 83' lang='grc' dir='ltr'><strong><em>τριῶν</em></strong></span> <span class='ocrx_word' id='word_1_296' title='bbox 1103 3385 1382 3458; x_wconf 82' lang='grc' dir='ltr'><strong><em>παιδοποιησάμενος</em></strong></span> <span class='ocrx_word' id='word_1_297' title='bbox 1399 3391 1540 3456; x_wconf 83' lang='grc' dir='ltr'><strong><em>γυναικῶν</em></strong></span> 
     </span>
     <span class='ocr_line' id='line_1_29' title="bbox 235 3465 1540 3544; baseline -0.003 -16"><span class='ocrx_word' id='word_1_298' title='bbox 235 3471 270 3528; x_wconf 87' lang='grc' dir='ltr'><strong><em>οά</em></strong></span> <span class='ocrx_word' id='word_1_299' title='bbox 285 3465 326 3528; x_wconf 85' lang='grc' dir='ltr'><strong><em>δι’</em></strong></span> <span class='ocrx_word' id='word_1_300' title='bbox 344 3473 444 3540; x_wconf 77' lang='grc' dir='ltr'><strong><em>ηάονης</em></strong></span> <span class='ocrx_word' id='word_1_301' title='bbox 461 3469 627 3534; x_wconf 87' lang='grc' dir='ltr'><strong><em>ἀπόλαυσιν,</em></strong></span> <span class='ocrx_word' id='word_1_302' title='bbox 645 3467 717 3528; x_wconf 81' lang='grc' dir='ltr'><strong><em>ἀλλὰ</em></strong></span> <span class='ocrx_word' id='word_1_303' title='bbox 735 3465 774 3528; x_wconf 77' lang='grc' dir='ltr'><strong><em>δι’</em></strong></span> <span class='ocrx_word' id='word_1_304' title='bbox 785 3468 882 3529; x_wconf 88' lang='grc' dir='ltr'><strong><em>ἐλπίδα</em></strong></span> <span class='ocrx_word' id='word_1_305' title='bbox 901 3481 953 3528; x_wconf 84' lang='grc' dir='ltr'><strong><em>τοῦ</em></strong></span> <span class='ocrx_word' id='word_1_306' title='bbox 969 3477 1110 3544; x_wconf 79' lang='grc' dir='ltr'><strong><em>πληθῦνιιι</em></strong></span> <span class='ocrx_word' id='word_1_307' title='bbox 1128 3471 1161 3528; x_wconf 89' lang='grc' dir='ltr'><strong><em>τό</em></strong></span> <span class='ocrx_word' id='word_1_308' title='bbox 1180 3471 1269 3542; x_wconf 89' lang='grc' dir='ltr'><strong><em>γένος.</em></strong></span> <span class='ocrx_word' id='word_1_309' title='bbox 1306 3466 1367 3528; x_wconf 87' lang='grc' dir='ltr'><strong><em>ἀλλ’</em></strong></span> <span class='ocrx_word' id='word_1_310' title='bbox 1378 3468 1411 3526; x_wconf 84' lang='grc' dir='ltr'><strong><em>ἐκ</em></strong></span> <span class='ocrx_word' id='word_1_311' title='bbox 1426 3474 1540 3527; x_wconf 80' lang='grc' dir='ltr'><strong><em>πολλῶν</em></strong></span> 
     </span>
     <span class='ocr_line' id='line_1_30' title="bbox 234 3549 1541 3632; baseline -0.004 -19"><span class='ocrx_word' id='word_1_312' title='bbox 234 3549 275 3621; x_wconf 86' lang='grc' dir='ltr'><strong><em>είς</em></strong></span> <span class='ocrx_word' id='word_1_313' title='bbox 299 3556 389 3626; x_wconf 86' lang='grc' dir='ltr'><strong><em>μόνος</em></strong></span> <span class='ocrx_word' id='word_1_314' title='bbox 416 3552 570 3626; x_wconf 75' lang='grc' dir='ltr'><strong><em>ἀπεδείχθη</em></strong></span> <span class='ocrx_word' id='word_1_315' title='bbox 596 3554 777 3628; x_wconf 83' lang='grc' dir='ltr'><strong><em>κληρονόμος</em></strong></span> <span class='ocrx_word' id='word_1_316' title='bbox 802 3562 859 3612; x_wconf 88' lang='grc' dir='ltr'><strong><em>τῶν</em></strong></span> <span class='ocrx_word' id='word_1_317' title='bbox 877 3553 1019 3632; x_wconf 76' lang='grc' dir='ltr'><strong><em>πατρῴων</em></strong></span> <span class='ocrx_word' id='word_1_318' title='bbox 1045 3557 1178 3628; x_wconf 88' lang='grc' dir='ltr'><strong><em>ἀγαθῶν,</em></strong></span> <span class='ocrx_word' id='word_1_319' title='bbox 1198 3553 1226 3613; x_wconf 79' lang='grc' dir='ltr'><strong><em>ολ</em></strong></span> <span class='ocrx_word' id='word_1_320' title='bbox 1243 3549 1271 3610; x_wconf 86' lang='grc' dir='ltr'><strong><em>δ’</em></strong></span> <span class='ocrx_word' id='word_1_321' title='bbox 1288 3551 1370 3612; x_wconf 81' lang='grc' dir='ltr'><strong><em>ἀλλοι</em></strong></span> <span class='ocrx_word' id='word_1_322' title='bbox 1480 3557 1541 3627; x_wconf 82' lang='grc' dir='ltr'><strong><em>διῳ-</em></strong></span> 
     </span>
     <span class='ocr_line' id='line_1_31' title="bbox 233 3636 1541 3713; baseline -0.002 -17"><span class='ocrx_word' id='word_1_323' title='bbox 233 3642 372 3710; x_wconf 81' lang='grc' dir='ltr'><strong><em>κίσθησαν</em></strong></span> <span class='ocrx_word' id='word_1_324' title='bbox 398 3636 638 3713; x_wconf 76' lang='grc' dir='ltr'><strong><em>ἀλλοτριωθέντες</em></strong></span> <span class='ocrx_word' id='word_1_325' title='bbox 665 3645 715 3708; x_wconf 78' lang='grc' dir='ltr'><strong><em>τῆς</em></strong></span> <span class='ocrx_word' id='word_1_326' title='bbox 739 3637 872 3710; x_wconf 76' lang='grc' dir='ltr'><strong><em>ἀοιδίμου</em></strong></span> <span class='ocrx_word' id='word_1_327' title='bbox 897 3639 1047 3711; x_wconf 76' lang='grc' dir='ltr'><strong><em>εὐγενείας.</em></strong></span> <span class='ocrx_word' id='word_1_328' title='bbox 1083 3639 1168 3698; x_wconf 83' lang='grc' dir='ltr'><strong><em>πάλιν</em></strong></span> <span class='ocrx_word' id='word_1_329' title='bbox 1190 3638 1223 3698; x_wconf 85' lang='grc' dir='ltr'><strong><em>ἐκ</em></strong></span> <span class='ocrx_word' id='word_1_330' title='bbox 1244 3649 1295 3698; x_wconf 82' lang='grc' dir='ltr'><strong><em>τοῦ</em></strong></span> <span class='ocrx_word' id='word_1_331' title='bbox 1316 3637 1541 3708; x_wconf 86' lang='grc' dir='ltr'><strong><em>δοκιμασθέντος</em></strong></span> 
     </span>
     <span class='ocr_line' id='line_1_32' title="bbox 233 3721 1541 3800; baseline -0.002 -20"><span class='ocrx_word' id='word_1_332' title='bbox 233 3725 414 3797; x_wconf 82' lang='grc' dir='ltr'><strong><em>κληρονόμου</em></strong></span> <span class='ocrx_word' id='word_1_333' title='bbox 434 3723 484 3780; x_wconf 79' lang='grc' dir='ltr'><strong><em>δι’-ο</em></strong></span> <span class='ocrx_word' id='word_1_334' title='bbox 506 3725 615 3794; x_wconf 88' lang='grc' dir='ltr'><strong><em>δίδυμοι</em></strong></span> <span class='ocrx_word' id='word_1_335' title='bbox 638 3731 800 3796; x_wconf 88' lang='grc' dir='ltr'><strong><em>γεννῶνται.</em></strong></span> <span class='ocrx_word' id='word_1_336' title='bbox 819 3722 886 3780; x_wconf 93' lang='grc' dir='ltr'><strong><em>-δ</em></strong></span> <span class='ocrx_word' id='word_1_337' title='bbox 908 3725 961 3790; x_wconf 77' lang='grc' dir='ltr'><strong><em>μὲν</em></strong></span> <span class='ocrx_word' id='word_1_338' title='bbox 984 3723 1040 3796; x_wconf 86' lang='grc' dir='ltr'><strong><em>γάρ</em></strong></span> <span class='ocrx_word' id='word_1_339' title='bbox 1062 3723 1204 3800; x_wconf 79' lang='grc' dir='ltr'><strong><em>νεώτερος</em></strong></span> <span class='ocrx_word' id='word_1_340' title='bbox 1224 3727 1400 3794; x_wconf 70' lang='grc' dir='ltr'><strong><em>καταπειθὴς</em></strong></span> <span class='ocrx_word' id='word_1_341' title='bbox 1417 3721 1541 3792; x_wconf 83' lang='grc' dir='ltr'><strong><em>ἀμφοτέ-</em></strong></span> 
     </span>
     <span class='ocr_line' id='line_1_33' title="bbox 233 3803 1540 3882; baseline -0.001 -19"><span class='ocrx_word' id='word_1_342' title='bbox 233 3827 294 3880; x_wconf 87' lang='grc' dir='ltr'><strong><em>ροις</em></strong></span> <span class='ocrx_word' id='word_1_343' title='bbox 317 3817 376 3874; x_wconf 81' lang='grc' dir='ltr'><strong><em>τοῖς</em></strong></span> <span class='ocrx_word' id='word_1_344' title='bbox 394 3815 523 3880; x_wconf 79' lang='grc' dir='ltr'><strong><em>γονεῦσιν</em></strong></span> <span class='ocrx_word' id='word_1_345' title='bbox 542 3805 576 3878; x_wconf 73' lang='grc' dir='ltr'><strong><em>ην</em></strong></span> <span class='ocrx_word' id='word_1_346' title='bbox 593 3811 642 3866; x_wconf 83' lang='grc' dir='ltr'><strong><em>καί</em></strong></span> <span class='ocrx_word' id='word_1_347' title='bbox 660 3803 750 3875; x_wconf 72' lang='grc' dir='ltr'><strong><em>οὕτως</em></strong></span> <span class='ocrx_word' id='word_1_348' title='bbox 766 3807 925 3880; x_wconf 78' lang='grc' dir='ltr'><strong><em>εόάρεστος.</em></strong></span> <span class='ocrx_word' id='word_1_349' title='bbox 945 3839 977 3850; x_wconf 91' lang='lat'><strong><em>-·</em></strong></span> <span class='ocrx_word' id='word_1_350' title='bbox 994 3817 1034 3882; x_wconf 78' lang='grc' dir='ltr'><strong><em>τῷ</em></strong></span> <span class='ocrx_word' id='word_1_351' title='bbox 1052 3809 1106 3880; x_wconf 81' lang='grc' dir='ltr'><strong><em>μέν</em></strong></span> <span class='ocrx_word' id='word_1_352' title='bbox 1122 3808 1207 3882; x_wconf 79' lang='grc' dir='ltr'><strong><em>εὐχὰς</em></strong></span> <span class='ocrx_word' id='word_1_353' title='bbox 1224 3813 1351 3866; x_wconf 86' lang='grc' dir='ltr'><strong><em>τίθενται</em></strong></span> <span class='ocrx_word' id='word_1_354' title='bbox 1369 3849 1434 3874; x_wconf 87' lang='grc'><strong><em>...,</em></strong></span> <span class='ocrx_word' id='word_1_355' title='bbox 1453 3813 1492 3878; x_wconf 79' lang='grc' dir='ltr'><strong><em>τῷ</em></strong></span> <span class='ocrx_word' id='word_1_356' title='bbox 1510 3806 1540 3862; x_wconf 75' lang='grc' dir='ltr'><strong><em>δὲ</em></strong></span> 
     </span>
     <span class='ocr_line' id='line_1_34' title="bbox 233 3887 1538 3968; baseline 0 -20"><span class='ocrx_word' id='word_1_357' title='bbox 233 3887 297 3949; x_wconf 82' lang='grc' dir='ltr'><strong><em>κατ’</em></strong></span> <span class='ocrx_word' id='word_1_358' title='bbox 314 3889 394 3950; x_wconf 84' lang='grc' dir='ltr'><strong><em>ἒλεον</em></strong></span> <span class='ocrx_word' id='word_1_359' title='bbox 419 3893 585 3964; x_wconf 80' lang='grc' dir='ltr'><strong><em>χαρίζονται</em></strong></span> <span class='ocrx_word' id='word_1_360' title='bbox 612 3895 663 3962; x_wconf 79' lang='grc' dir='ltr'><strong><em>την</em></strong></span> <span class='ocrx_word' id='word_1_361' title='bbox 690 3889 816 3962; x_wconf 71' lang='grc' dir='ltr'><strong><em>ὑπήκοον</em></strong></span> <span class='ocrx_word' id='word_1_362' title='bbox 838 3892 930 3962; x_wconf 80' lang='grc' dir='ltr'><strong><em>τάξιν,</em></strong></span> <span class='ocrx_word' id='word_1_363' title='bbox 956 3889 1004 3950; x_wconf 79' lang='grc' dir='ltr'><strong><em>ίνα</em></strong></span> <span class='ocrx_word' id='word_1_364' title='bbox 1027 3893 1144 3963; x_wconf 82' lang='grc' dir='ltr'><strong><em>δονλεύη</em></strong></span> <span class='ocrx_word' id='word_1_365' title='bbox 1161 3901 1201 3965; x_wconf 83' lang='grc' dir='ltr'><strong><em>τῷ</em></strong></span> <span class='ocrx_word' id='word_1_366' title='bbox 1219 3891 1344 3968; x_wconf 78' lang='grc' dir='ltr'><strong><em>ἀδελφῷ,</em></strong></span> <span class='ocrx_word' id='word_1_367' title='bbox 1367 3893 1538 3962; x_wconf 73' lang='grc' dir='ltr'><strong><em>νομιζοντες,</em></strong></span> 
     </span>
     <span class='ocr_line' id='line_1_35' title="bbox 235 3971 1538 4054; baseline -0.001 -22"><span class='ocrx_word' id='word_1_368' title='bbox 235 3971 306 4048; x_wconf 76' lang='grc' dir='ltr'><strong><em>ὅπερ</em></strong></span> <span class='ocrx_word' id='word_1_369' title='bbox 333 3973 417 4044; x_wconf 85' lang='grc' dir='ltr'><strong><em>ἐστίν,</em></strong></span> <span class='ocrx_word' id='word_1_370' title='bbox 444 3973 558 4046; x_wconf 83' lang='grc' dir='ltr'><strong><em>ἀγαθόν</em></strong></span> <span class='ocrx_word' id='word_1_371' title='bbox 586 3975 746 4048; x_wconf 67' lang='grc' dir='ltr'><strong><em>ι’μέγιστονλ</em></strong></span> <span class='ocrx_word' id='word_1_372' title='bbox 770 3971 842 4034; x_wconf 79' lang='grc' dir='ltr'><strong><em>εἶναι</em></strong></span> <span class='ocrx_word' id='word_1_373' title='bbox 865 3986 905 4052; x_wconf 77' lang='grc' dir='ltr'><strong><em>τῷ</em></strong></span> <span class='ocrx_word' id='word_1_374' title='bbox 928 3977 1026 4054; x_wconf 82' lang='grc' dir='ltr'><strong><em>φαύλῳ</em></strong></span> <span class='ocrx_word' id='word_1_375' title='bbox 1044 3979 1077 4035; x_wconf 86' lang='grc' dir='ltr'><strong><em>τδ</em></strong></span> <span class='ocrx_word' id='word_1_376' title='bbox 1095 3983 1135 4050; x_wconf 79' lang='grc' dir='ltr'><strong><em>μη</em></strong></span> <span class='ocrx_word' id='word_1_377' title='bbox 1153 3977 1342 4047; x_wconf 79' lang='grc' dir='ltr'><strong><em>αότεξούσιον.</em></strong></span> <span class='ocrx_word' id='word_1_378' title='bbox 1426 3976 1538 4034; x_wconf 71' lang='lat'>18-22</span> 
     </span>
     <span class='ocr_line' id='line_1_36' title="bbox 235 4060 1469 4132; baseline 0 -16"><span class='ocrx_word' id='word_1_379' title='bbox 235 4079 296 4116; x_wconf 77' lang='lat' dir='ltr'><strong><em>zum</em></strong></span> <span class='ocrx_word' id='word_1_380' title='bbox 314 4060 466 4116; x_wconf 81' lang='grc' dir='ltr'><strong><em>θεάεοίιευ</em></strong></span> <span class='ocrx_word' id='word_1_381' title='bbox 489 4065 551 4127; x_wconf 83' lang='grc' dir='ltr'><strong><em>(τοῦ</em></strong></span> <span class='ocrx_word' id='word_1_382' title='bbox 569 4071 659 4131; x_wconf 80' lang='grc' dir='ltr'><strong><em>σοφοι·1</em></strong></span> <span class='ocrx_word' id='word_1_383' title='bbox 677 4060 781 4124; x_wconf 84' lang='grc' dir='ltr'><strong><em>πάντα)</em></strong></span> <span class='ocrx_word' id='word_1_384' title='bbox 804 4061 859 4132; x_wconf 76' lang='lat' dir='ltr'>vgl.</span> <span class='ocrx_word' id='word_1_385' title='bbox 878 4063 958 4118; x_wconf 88' lang='lat' dir='ltr'><strong>Philo</strong></span> <span class='ocrx_word' id='word_1_386' title='bbox 976 4063 1016 4118; x_wconf 84' lang='lat' dir='ltr'><strong><em>De</em></strong></span> <span class='ocrx_word' id='word_1_387' title='bbox 1033 4063 1119 4118; x_wconf 84' lang='lat' dir='ltr'><strong>nobil.</strong></span> <span class='ocrx_word' id='word_1_388' title='bbox 1137 4067 1153 4119; x_wconf 81' lang='lat'>5</span> <span class='ocrx_word' id='word_1_389' title='bbox 1235 4063 1273 4119; x_wconf 80' lang='lat' dir='ltr'><em>u</em></span> <span class='ocrx_word' id='word_1_390' title='bbox 1292 4065 1360 4119; x_wconf 78' lang='lat' dir='ltr'><strong>Gen.</strong></span> <span class='ocrx_word' id='word_1_391' title='bbox 1378 4063 1419 4130; x_wconf 82' lang='lat'><strong><em>33,</em></strong></span> <span class='ocrx_word' id='word_1_392' title='bbox 1439 4065 1469 4116; x_wconf 91' lang='grc'><strong><em>11</em></strong></span> 
     </span>
     <span class='ocr_line' id='line_1_37' title="bbox 235 4143 1537 4218; baseline -0.003 -16"><span class='ocrx_word' id='word_1_393' title='bbox 235 4146 348 4202; x_wconf 75' lang='lat'><strong>20—22</strong></span> <span class='ocrx_word' id='word_1_394' title='bbox 368 4145 424 4216; x_wconf 78' lang='lat' dir='ltr'><strong><em>vgl.</em></strong></span> <span class='ocrx_word' id='word_1_395' title='bbox 443 4143 523 4200; x_wconf 76' lang='lat' dir='ltr'><strong>Philo</strong></span> <span class='ocrx_word' id='word_1_396' title='bbox 542 4145 583 4200; x_wconf 81' lang='lat' dir='ltr'><strong><em>De</em></strong></span> <span class='ocrx_word' id='word_1_397' title='bbox 599 4149 667 4202; x_wconf 74' lang='grc' dir='ltr'><strong><em>εοολ.</em></strong></span> <span class='ocrx_word' id='word_1_398' title='bbox 685 4163 757 4200; x_wconf 86' lang='lat' dir='ltr'><strong>nom.</strong></span> <span class='ocrx_word' id='word_1_399' title='bbox 777 4149 826 4202; x_wconf 74' lang='lat'><strong><em>152</em></strong></span> <span class='ocrx_word' id='word_1_400' title='bbox 844 4147 864 4214; x_wconf 69' lang='lat' dir='ltr'><strong><em>[l</em></strong></span> <span class='ocrx_word' id='word_1_401' title='bbox 885 4147 1042 4218; x_wconf 76' lang='grc' dir='ltr'><strong><em>η.601111;</em></strong></span> <span class='ocrx_word' id='word_1_402' title='bbox 1062 4147 1102 4202; x_wconf 80' lang='lat' dir='ltr'><strong><em>De</em></strong></span> <span class='ocrx_word' id='word_1_403' title='bbox 1120 4165 1207 4203; x_wconf 83' lang='lat' dir='ltr'><strong>somn.</strong></span> <span class='ocrx_word' id='word_1_404' title='bbox 1225 4147 1251 4200; x_wconf 83' lang='lat'><strong><em>11</em></strong></span> <span class='ocrx_word' id='word_1_405' title='bbox 1269 4149 1319 4201; x_wconf 70' lang='lat'><strong><em>244</em></strong></span> <span class='ocrx_word' id='word_1_406' title='bbox 1337 4147 1360 4209; x_wconf 79' lang='grc' dir='ltr'><strong><em>(Ι</em></strong></span> <span class='ocrx_word' id='word_1_407' title='bbox 1378 4165 1404 4216; x_wconf 85' lang='lat' dir='ltr'><strong><em>p.</em></strong></span> <span class='ocrx_word' id='word_1_408' title='bbox 1422 4145 1537 4208; x_wconf 72' lang='grc'>69111“;</span> 
     </span>
     <span class='ocr_line' id='line_1_38' title="bbox 235 4227 1542 4303; baseline 0.002 -21"><span class='ocrx_word' id='word_1_409' title='bbox 235 4227 274 4284; x_wconf 83' lang='lat' dir='ltr'><strong><em>De</em></strong></span> <span class='ocrx_word' id='word_1_410' title='bbox 291 4229 395 4284; x_wconf 73' lang='lat' dir='ltr'>Abmh.</span> <span class='ocrx_word' id='word_1_411' title='bbox 412 4231 460 4284; x_wconf 73' lang='lat'><strong><em>261</em></strong></span> <span class='ocrx_word' id='word_1_412' title='bbox 481 4229 517 4296; x_wconf 56' lang='lat'><strong><em>(11</em></strong></span> <span class='ocrx_word' id='word_1_413' title='bbox 534 4247 559 4302; x_wconf 85' lang='lat' dir='ltr'><strong><em>p.</em></strong></span> <span class='ocrx_word' id='word_1_414' title='bbox 578 4229 675 4292; x_wconf 66' lang='grc' dir='ltr'><strong><em>38111ι</em></strong></span> <span class='ocrx_word' id='word_1_415' title='bbox 697 4229 738 4285; x_wconf 79' lang='lat' dir='ltr'><strong><em>De</em></strong></span> <span class='ocrx_word' id='word_1_416' title='bbox 754 4230 840 4285; x_wconf 88' lang='lat' dir='ltr'><strong>nobil.</strong></span> <span class='ocrx_word' id='word_1_417' title='bbox 860 4233 876 4286; x_wconf 81' lang='grc' dir='ltr'><strong><em>ό</em></strong></span> <span class='ocrx_word' id='word_1_418' title='bbox 894 4233 929 4291; x_wconf 86' lang='lat'><strong><em>(11</em></strong></span> <span class='ocrx_word' id='word_1_419' title='bbox 948 4251 973 4303; x_wconf 87' lang='lat' dir='ltr'><strong><em>p.</em></strong></span> <span class='ocrx_word' id='word_1_420' title='bbox 991 4233 1042 4286; x_wconf 74' lang='lat'><strong><em>442</em></strong></span> <span class='ocrx_word' id='word_1_421' title='bbox 1055 4231 1093 4298; x_wconf 71' lang='lat' dir='ltr'><strong><em>M)</em></strong></span> <span class='ocrx_word' id='word_1_422' title='bbox 1175 4233 1212 4288; x_wconf 76' lang='lat'><strong><em>21</em></strong></span> <span class='ocrx_word' id='word_1_423' title='bbox 1233 4231 1301 4286; x_wconf 81' lang='lat' dir='ltr'>Gen.</span> <span class='ocrx_word' id='word_1_424' title='bbox 1320 4233 1361 4296; x_wconf 61' lang='grc' dir='ltr'><strong><em>λθ,</em></strong></span> <span class='ocrx_word' id='word_1_425' title='bbox 1379 4233 1396 4285; x_wconf 88' lang='grc'>6</span> <span class='ocrx_word' id='word_1_426' title='bbox 1476 4229 1542 4286; x_wconf 72' lang='lat' dir='ltr'><strong>m</strong></span> 
     </span>
     <span class='ocr_line' id='line_1_39' title="bbox 234 4312 1046 4385; baseline 0.006 -19"><span class='ocrx_word' id='word_1_427' title='bbox 234 4313 290 4384; x_wconf 74' lang='lat' dir='ltr'>vgl.</span> <span class='ocrx_word' id='word_1_428' title='bbox 308 4312 389 4370; x_wconf 72' lang='lat' dir='ltr'>Plato</span> <span class='ocrx_word' id='word_1_429' title='bbox 406 4313 519 4372; x_wconf 63' lang='lat' dir='ltr'>&#39;rhem</span> <span class='ocrx_word' id='word_1_430' title='bbox 538 4333 562 4385; x_wconf 87' lang='lat' dir='ltr'><strong><em>p.</em></strong></span> <span class='ocrx_word' id='word_1_431' title='bbox 583 4317 631 4370; x_wconf 87' lang='grc'><strong><em>176</em></strong></span> <span class='ocrx_word' id='word_1_432' title='bbox 645 4315 679 4378; x_wconf 76' lang='grc' dir='ltr'><strong><em>Βς</em></strong></span> <span class='ocrx_word' id='word_1_433' title='bbox 702 4314 781 4370; x_wconf 76' lang='grc' dir='ltr'><strong><em>Είθεε</em></strong></span> <span class='ocrx_word' id='word_1_434' title='bbox 799 4315 895 4372; x_wconf 84' lang='lat' dir='ltr'><strong>Gnom.</strong></span> <span class='ocrx_word' id='word_1_435' title='bbox 913 4316 977 4372; x_wconf 59' lang='lat' dir='ltr'><strong><em>hist</em></strong></span> <span class='ocrx_word' id='word_1_436' title='bbox 996 4317 1046 4371; x_wconf 78' lang='lat'><strong><em>255</em></strong></span> 
     </span>
    </p>
   </div>
   <div class='ocr_carea' id='block_1_5' title="bbox 230 4527 1538 4770">
    <p class='ocr_par' dir='ltr' id='par_1_9' title="bbox 230 4527 1538 4770">
     <span class='ocr_line' id='line_1_40' title="bbox 317 4527 1538 4602; baseline -0.001 -14"><span class='ocrx_word' id='word_1_437' title='bbox 317 4533 336 4588; x_wconf 85' lang='grc' dir='ltr'><strong><em>θ</em></strong></span> <span class='ocrx_word' id='word_1_438' title='bbox 355 4531 528 4602; x_wconf 84' lang='grc' dir='ltr'><strong><em>συγγενείας]</em></strong></span> <span class='ocrx_word' id='word_1_439' title='bbox 549 4531 703 4588; x_wconf 76' lang='grc' dir='ltr'><strong><em>ιιίείίείοίεί</em></strong></span> <span class='ocrx_word' id='word_1_440' title='bbox 715 4549 763 4588; x_wconf 79' lang='grc' dir='ltr'><strong><em>σοι</em></strong></span> <span class='ocrx_word' id='word_1_441' title='bbox 775 4532 856 4588; x_wconf 87' lang='lat' dir='ltr'><strong>Philo</strong></span> <span class='ocrx_word' id='word_1_442' title='bbox 874 4531 1031 4602; x_wconf 78' lang='grc' dir='ltr'><strong><em>εὐγενείας·</em></strong></span> <span class='ocrx_word' id='word_1_443' title='bbox 1052 4531 1210 4588; x_wconf 68' lang='lat' dir='ltr'>Wandland</span> <span class='ocrx_word' id='word_1_444' title='bbox 1292 4534 1329 4590; x_wconf 90' lang='grc'><strong><em>11</em></strong></span> <span class='ocrx_word' id='word_1_445' title='bbox 1348 4529 1442 4602; x_wconf 81' lang='grc' dir='ltr'><strong><em>είγὰς]</em></strong></span> <span class='ocrx_word' id='word_1_446' title='bbox 1460 4527 1538 4588; x_wconf 89' lang='grc' dir='ltr'><strong><em>ἐπευ·</em></strong></span> 
     </span>
     <span class='ocr_line' id='line_1_41' title="bbox 230 4611 1538 4770; baseline -0.002 -96"><span class='ocrx_word' id='word_1_447' title='bbox 230 4611 398 4770; x_wconf 45' lang='grc' dir='ltr'><strong><em>[χὶὶέηὶὲεὲὴ</em></strong></span> <span class='ocrx_word' id='word_1_448' title='bbox 429 4616 468 4672; x_wconf 74' lang='lat'><strong><em>28</em></strong></span> <span class='ocrx_word' id='word_1_449' title='bbox 495 4613 676 4684; x_wconf 75' lang='grc' dir='ltr'><strong><em>εὐδαιμονίαν</em></strong></span> <span class='ocrx_word' id='word_1_450' title='bbox 698 4616 1184 4686; x_wconf 67' lang='lat' dir='ltr'>Jaokson(vgl.3trom.11131,4)</span> <span class='ocrx_word' id='word_1_451' title='bbox 1206 4613 1425 4686; x_wconf 75' lang='grc' dir='ltr'><strong><em>εὐδαιμονίπςῐι</em></strong></span> <span class='ocrx_word' id='word_1_452' title='bbox 1499 4615 1538 4672; x_wconf 75' lang='lat'><strong><em>24</em></strong></span> 
     </span>
    </p>
   </div>
   <div class='ocr_carea' id='block_1_6' title="bbox 0 0 1890 5532">
    <p class='ocr_par' dir='ltr' id='par_1_10' title="bbox 0 0 1890 5532">
     <span class='ocr_line' id='line_1_42' title="bbox 0 0 1890 5532; baseline 0 0"><span class='ocrx_word' id='word_1_453' title='bbox 0 0 1890 5532; x_wconf 95' lang='lat' dir='ltr'><strong><em> </em></strong></span> 
     </span>
    </p>
   </div>
  </div>
 </body>
</html>
