3784 5532
594 505 734 560 Stromata
752 506 785 562 11.
808 505 872 578 Gap.
885 505 918 560 11.
936 507 961 574 θ,
973 507 1088 578 5-οορ.
1101 507 1147 564 lv.
1167 511 1206 574 14,
1219 507 1244 563 2.
1521 519 1578 578 119

266 666 344 742 οῦδέ
371 663 540 758 όπατήρ·
568 664 655 740 ἀλλὰ
679 663 773 754 θεός,
805 669 910 758 οἶμαι,
943 665 1060 759 ήτῶν
1086 667 1225 756 φύσεων
1250 667 1366 752 αύτοῐς
1392 668 1579 760 εύρίσειεται

265 765 428 858 διανομή,
471 767 533 840 τὸν
565 775 725 857 θεμέλιον
762 774 822 858 τῆς
853 777 1035 858 σωτηρίας,
1072 767 1137 860 τήν
1166 767 1322 842 ἑκούσιον
1348 779 1478 856 πίστιν,
1516 769 1579 844 ούκ

267 871 395 956 ἔχουσα.

349 971 403 1038 IV.
430 966 536 1056 Ἡμεῖς
558 973 592 1040 δὲ
615 971 647 1040 οί
670 965 735 1058 τήν
758 971 884 1056 αίρεσιν
905 975 961 1038 καὶ
984 967 1096 1058 φυγήν
1112 965 1272 1040 δεδόσθαι
1288 988 1360 1054 τοις
1374 965 1576 1059 ἀνθρώποις
1594 977 1671 1042 lm

232 1061 559 1158 σαῦτοκρατορικήν
587 1075 591 1156 Ι
618 1067 712 1158 παρὰ
743 1073 806 1140 τοῦ
836 1073 957 1156 κυρίου
983 1067 1037 1140 διὰ
1063 1075 1137 1138 τῶν
1158 1075 1304 1157 γραφῶν
1324 1066 1576 1160 παρειληφότες
1595 1079 1673 1134 1578

266 1161 504 1256 ἀμεταπτώτῳ
527 1173 687 1257 κριτηρίῳ
711 1174 753 1256 τῇ
774 1173 886 1239 πίστει
908 1165 1215 1256 ἐποναπαυιόμεθα,
1239 1167 1279 1240 τό
1300 1175 1432 1260 πνεῦμα
1445 1167 1576 1259 πρόθυ-

265 1293 330 1354 μον
352 1263 587 1354 ἐνδειξάμενος
610 1259 664 1338 ότι
687 1263 847 1354 εἱλόμεθα
868 1267 933 1358 τήν
956 1265 1049 1356 ζωήν
1069 1273 1125 1340 καί
1145 1273 1197 1358 τῷ
1213 1275 1285 1358 θεῷ
1301 1267 1355 1342 διό
1371 1275 1432 1358 τῆς
1446 1274 1576 1340 ἐκείνου

266 1370 386 1454 φωνῆς
416 1363 698 1454 πεπιστεύκαμεν·
733 1374 790 1438 καί
812 1361 831 1439 δ
854 1373 907 1458 τῷ
934 1362 1027 1456 λόγῳ
1055 1365 1236 1448 πιστεύσας
1263 1369 1353 1440 οίδεν
1376 1366 1417 1440 τὸ
1439 1375 1575 1458 πρᾶγμα

266 1461 406 1554 όληθίς·
436 1461 580 1556 ἀλήθεια
602 1463 664 1555 γὰρ
687 1461 706 1537 δ
730 1462 842 1554 λόγος·
869 1461 888 1537 ὁ
912 1471 947 1536 δέ
969 1459 1158 1555 όπιστήσας
1181 1471 1230 1556 τῷ
1255 1473 1389 1556 λέγοντι
1411 1463 1575 1558 ήπίστησε

215 1585 247 1638 10
265 1570 316 1654 τῷ
340 1571 422 1654 θεῷ.
459 1573 589 1638 »πίστει
611 1572 755 1656 νοοῦμεν
776 1573 1003 1654 κατηρτίσθαι
1025 1563 1107 1647 τοῦς
1128 1571 1255 1649 αίῶνας
1277 1565 1400 1656 ῥήματι
1422 1572 1507 1639 θεοῦ
1528 1573 1610 1650 είς2

265 1661 306 1734 τὸ
327 1663 373 1754 μή
395 1667 432 1734 ἐκ
454 1671 672 1756 φαινομένων
694 1665 735 1738 τὸ
757 1661 969 1755 βλεπόμενον
982 1670 1184 1754 γεγονέναι,ι
1210 1672 1314 1754 φησίν
1333 1661 1352 1737 ό
1368 1661 1573 1748 ἀπόστολος·

268 1771 397 1836 »πίστει
417 1771 561 1836 πλείονα
583 1771 708 1836 θυσίαν
724 1759 820 1848 Ἅβελ
843 1763 934 1852 παρὰ
958 1761 1045 1835 Κόιν
1066 1761 1284 1854 προσήνεγκε,
1307 1761 1352 1838 δι’
1375 1757 1413 1855 ής
1434 1770 1573 1855 ἐμαρτυ-

264 1859 355 1952 ρήθη
382 1863 468 1934 είναι
495 1869 637 1948 δίκαιος,
667 1869 925 1955 μαρτυροῦντος
951 1869 1007 1936 ἐπί
1029 1882 1103 1947 τοῖς
1124 1863 1248 1952 δώροις
1270 1859 1364 1954 αύτῷ
1389 1870 1452 1936 τοῦ
1473 1870 1571 1936 θεοῦ·

264 1969 319 2034 καί
342 1957 387 2034 δι’
411 1959 515 2050 αύτῆς
536 1959 728 2036 δποθανιόν
749 1963 799 2034 ἐτι
823 1973 932 2034 λαλεῑι
957 1971 1014 2034 καὶ
1036 1961 1078 2035 τὰ
1102 1965 1176 2052 ἑξῆς
1197 1963 1284 2052 ίωςΙ
1306 1957 1346 2052 »ἢ
1363 1959 1573 2052 πρόσκαιρον
1588 1975 1677 2030 ἐθδΡ

213 2080 246 2136 15
264 2065 351 2150 ἔχειν
381 2057 545 2151 ἁμαρτίας
581 2059 794 2136 δπόλουσιν.ι
850 2062 993 2145 τούτους
1027 2069 1089 2153 μὲν
1124 2054 1186 2134 σύν
1222 2069 1277 2134 καί
1312 2061 1379 2152 πρὸ
1414 2059 1521 2153 νόμου
1551 2057 1571 2154 ή

263 2169 375 2244 πίστις
397 2161 602 2234 δικαιιόσασα
629 2159 862 2252 κληρονόμους
884 2169 1068 2253 κατέστησε
1090 2168 1151 2252 τῆς
1172 2170 1269 2246 θείας
1289 2166 1496 2252 ἐπαγγελίας.
1539 2171 1572 2234 τί
1592 2167 1666 2236 ¹⁸,l

263 2251 327 2332 οῦν
355 2261 406 2332 ἔτι
438 2261 480 2332 τὰ
510 2267 572 2351 τῆς
602 2269 748 2344 πίστεως
778 2265 815 2332 ἐκ
844 2267 904 2351 τῆς
934 2259 1017 2350 παρ’
1040 2258 1119 2351 ήμίν
1148 2263 1299 2352 ἱστορίας
1325 2257 1572 2352 οἷναλεγόμενος

261 2368 492 2450 παρατίθεμαι
513 2359 693 2450 μαρτύρια;
718 2365 900 2448 »ἐπιλείψει
922 2359 984 2450 γόρ
1005 2389 1044 2450 με
1066 2359 1288 2452 διηγούμενον
1310 2356 1330 2434 ό
1350 2360 1473 2452 χρόνος
1494 2369 1572 2450 περί

264 2459 412 2542 Γεδεών,
445 2457 576 2548 Βαράκ,
607 2461 778 2550 Σαμψών,
808 2457 938 2547 Ἰεφθάε
970 2465 1072 2546 Δαβίδ
1099 2487 1135 2531 τε
1157 2467 1212 2532 καί
1235 2460 1397 2551 Σαμουὴλ
1419 2468 1474 2532 καί
1497 2469 1571 2534 τῶν

210 2576 244 2631 20
262 2567 472 2650 προφητῶνι
496 2567 551 2632 καί
580 2559 623 2632 τὰ
650 2558 788 2644 τούτοις
812 2556 966 2650 ἑπόμενα.
1008 2555 1182 2648 τεσσάρων
1203 2563 1239 2630 δὲ
1262 2555 1376 2632 ὄντων
1397 2565 1434 2632 ἐν
1455 2561 1506 2642 οίς
1529 2557 1607 2632 152

262 2653 396 2748 α’ληθίς,
420 2655 618 2748 οίσθήσεοις,
641 2665 713 2744 νοῦ,
736 2657 930 2750 ἐπιστήμης,
952 2655 1168 2748 ύπολήψειος,
1192 2657 1289 2746 φύσει
1311 2665 1373 2747 μὲν
1393 2653 1569 2746 πρῶτοςό

262 2763 355 2842 νοῦς,
387 2753 466 2848 ἡμίν
493 2765 528 2830 δὲ
553 2765 609 2830 καί
636 2757 723 2848 πρὸς
750 2754 834 2848 ἡμᾶς
857 2755 877 2848 ἡ
900 2763 1067 2848 αἴσθησις,
1098 2759 1135 2828 ἐκ
1157 2763 1193 2828 δέ
1216 2755 1406 2848 αἰσθήσεως
1427 2765 1484 2829 καί
1506 2765 1569 2829 τοῦ

262 2863 323 2928 νοῦ
346 2853 366 2947 ἡ
389 2863 449 2948 τῆς
471 2856 654 2949 ἐπιστήμης
676 2866 871 2930 συνίσταται
893 2854 1003 2940 ούσία,
1032 2855 1152 2930 κοινὸν
1174 2861 1209 2926 δέ
1232 2861 1293 2928 νοῦ
1315 2885 1351 2928 τε
1374 2863 1429 2928 καί
1451 2854 1569 2948 αίσθή-

261 2981 346 3038 σεως
377 2954 419 3028 τό
449 2961 593 3048 ἐναργές.
635 2953 713 3032 ἀλλ’
737 2953 758 3048 ή
778 2963 840 3044 μὲν
866 2962 1020 3046 αἴσθησις
1043 2953 1211 3042 ἐπιβάθρα
1234 2961 1294 3046 τῆς
1317 2953 1515 3046 ἐπιστήμης,
1546 2951 1605 3046 ήθ

208 3071 242 3128 λδ
258 3063 373 3138 πίστις
394 3061 430 3128 δὲ
452 3056 506 3128 διὰ
529 3065 604 3130 τῶν
626 3059 803 3148 αἰσθητῶν
825 3051 987 3130 όδεύσασα
1007 3052 1183 3130 ἀπολείπει
1198 3053 1261 3145 τήν
1275 3051 1459 3146 ῦπόληφιν,
1481 3053 1568 3144 πρὸς

260 3161 295 3228 δέ
327 3154 369 3228 τὰ
400 3151 529 3248 ἀψευδῆ
559 3154 693 3230 σπεύδει
722 3164 777 3230 καί
808 3163 855 3240 είς
885 3156 950 3246 τήν
978 3153 1144 3246 ιίλήθειαν
1175 3161 1364 3246 καταμένει
1407 3161 1436 3224 εί
1457 3159 1494 3226 δέ
1515 3163 1604 3238 τις4

260 3263 349 3346 λε’γοι
373 3254 438 3345 τήν
459 3253 647 3347 ἐπιστήμην
673 3255 914 3348 όποδεικτικήν
940 3258 1024 3328 είναι
1050 3255 1133 3346 μετὰ
1160 3251 1276 3345 λόγου,
1308 3251 1487 3328 δκουσότω
1511 3245 1566 3326 ότι

258 3364 314 3426 καί
337 3359 371 3428 αλ
393 3353 488 3446 ἀρχαί
510 3352 764 3429 ἀναπόδεικτοι·
795 3348 874 3428 οὔτε
897 3355 960 3446 γὰρ
983 3361 1083 3444 τίγνη
1105 3346 1185 3426 οῦτε
1206 3353 1273 3444 μήν
1296 3351 1457 3445 φρονήσει
1479 3381 1564 3444 γνω-

258 3461 342 3526 σταί.
386 3451 406 3544 ή
429 3460 490 3544 μὲν
513 3455 576 3545 γὰρ
597 3462 671 3544 περί
695 3455 738 3528 τδι
760 3451 960 3546 ἐνδεχόμενό
987 3459 1079 3526 ἐστιν
1101 3453 1215 3538 ἄλλως
1236 3456 1336 3542 ἔχειν,
1368 3451 1389 3542 ἢ
1412 3459 1447 3526 δέ
1469 3481 1565 3542 ποιη-

207 3569 242 3622 30
259 3553 335 3644 τιπή
357 3551 475 3644 μόνον,
499 3551 571 3644 ούχὶ
593 3561 628 3626 δὲ
649 3561 704 3626 καί
727 3551 931 3645 θεωρητική.
967 3561 1078 3626 πίστει
1102 3543 1163 3624 οῦν
1184 3555 1360 3638 ἐφικέσθαι
1381 3549 1469 3642 μόνη
1490 3551 1565 3625 οίόν
1585 3555 1660 3620 1⁴.l

260 3681 295 3724 τε
319 3659 380 3742 τῆς
403 3661 476 3725 τῶν
498 3645 592 3725 όλοιν
618 3652 727 3744 ἀρχῆς.
770 3659 862 3727 πᾶσα
892 3653 955 3742 γὰρ
985 3649 1151 3742 ἐπιστήμη
1179 3649 1319 3740 διδακτή
1346 3656 1429 3724 ἐστι·
1465 3652 1506 3724 τὸ
1529 3659 1564 3724 δὲ

258 3751 419 3826 διδακτόν
449 3757 486 3824 ἐκ
515 3759 845 3844 προγινωσκομένου.
888 3747 930 3824 ού
959 3750 1230 3842 προεγινοόσκετο
1257 3756 1293 3822 δέ
1320 3745 1341 3840 ή
1368 3756 1440 3822 τῶν
1470 3744 1600 3821 όλωνθ

258 3849 342 3944 όργή
374 3846 632 3942 τοίςἝλλησιν,
658 3845 740 3926 ,οὔτ’
764 3845 827 3924 οὖν
852 3857 947 3940 θαλῇ
974 3843 1067 3940 ῦδιορ
1094 3855 1307 3939 ἐπισταμένῳ
1334 3847 1399 3938 τήν
1420 3849 1563 3939 πριότην

342 4067 361 4118 θ
379 4063 435 4134 vgl.
448 4063 510 4118 Joh.
524 4065 593 4124 14.6
674 4063 786 4120 10-15
805 4062 886 4118 Hebr.
900 4065 940 4128 11,
952 4061 997 4118 31.
1015 4063 1049 4118 25
1130 4061 1194 4118 151
1211 4061 1265 4130 vgl.
1278 4057 1361 4114 Hebr.
1372 4061 1396 4124 6.
1411 4059 1495 4114 1217

260 4147 373 4204 18-20
395 4146 477 4204 Hebr.
497 4151 537 4216 11,
555 4149 588 4202 32
669 4147 784 4204 20-29
806 4145 952 4220 τεσσάρων
975 4141 1234 4216 δντυν-γνοισταί
1255 4145 1327 4198 Saer.
1351 4141 1412 4196 Par.
1430 4143 1480 4196 216
1498 4141 1563 4196 Holl

300 4231 365 4286 m
388 4230 444 4302 vgl.
471 4231 583 4286 Δτίιίοί.
610 4231 732 4302 Μοίερίι.
756 4235 779 4286 Δ
805 4233 822 4288 9
848 4233 884 4302 (ρ.
907 4231 977 4287 99:²¹³
999 4233 1043 4300 30)
1075 4236 1152 4286 πᾶσα
1183 4227 1308 4298 μάθησις
1327 4223 1378 4296 ,διὰ
1405 4241 1562 4297 προγιγνω-

258 4313 405 4384 σκομένων
486 4316 550 4372 θθί
570 4315 625 4388 ng
643 4315 723 4388 Diog.
742 4315 831 4372 Ῑιαειί.
850 4315 913 4370 127

343 4504 407 4562 111
427 4499 560 4574 ή-ἐγειν
582 4505 664 4561 Hebr.
688 4501 805 4576 ή-ἒχει
827 4503 849 4560 L
932 4505 969 4562 15
991 4501 1109 4566 τούτους
1130 4501 1165 4572 Sy
1190 4499 1302 4568 τούτοις
1324 4499 1345 4555 L
1424 4499 1463 4556 2⁵
1486 4495 1563 4556 δδεύ·

257 4589 418 4726 οισαιθεοτ.
431 4591 492 4644 Par.
573 4589 614 4646 8⁰
630 4591 729 4658 μόνον,
743 4587 805 4658 ούγί
819 4590 905 4644 Ρείοο
915 4587 1105 4658 μονονουγίῐι
1186 4585 1247 4642 θθί
1263 4577 1367 4642 οἷόντε
1379 4583 1469 4640 Hiller
1487 4578 1562 4640 οίον-

257 4693 303 4728 ται
