3772 5532
586 561 725 617 stromata
741 561 774 616 11.
797 559 862 632 Cup.
875 559 947 612 vlll.
965 561 1006 627 39,
1019 559 1135 634 5-(ίορ.
1148 561 1193 616 IX.
1209 561 1251 624 43,
1264 563 1288 616 3.
1532 567 1589 632 135

282 719 463 812 εύάρεστον
493 729 549 794 καί
580 729 738 796 τέλειονπ
784 717 985 812 ἀναστρέφει
1016 731 1135 796 τοίνυν
1161 717 1182 812 ἦ
1211 730 1386 810 φιλοξενία
1411 729 1488 812 περί
1516 733 1520 808 Ι
1549 721 1589 795 τό
1609 735 1627 792 θ
1648 735 1734 792 λσΙΡ

284 821 460 912 οίφέλιμον
491 841 563 905 τοις
594 827 715 909 ξένοις,
746 827 839 910 ξένοι
869 827 905 894 δε
935 825 967 893 οί
998 826 1159 910 έπίξενοι,
1191 827 1339 908 έπίξενοι
1365 827 1400 894 δὲ
1427 825 1459 894 ολ
1486 830 1590 912 φίλοι,

283 931 376 1010 φίλοι
399 927 435 995 δὲ
456 925 489 994 οί
512 916 666 1010 ἀδελφοί·
707 929 804 1010 »φίλε
829 929 1026 1012 κασίγνητεε
1057 929 1161 1010 φησίν
1175 915 1329 1012 Ὅμηρος.
1369 919 1391 1012 ἥ
1413 951 1451 994 τε
1473 931 1628 1012 φιλανθ

283 1029 437 1114 θρωπία,
469 1017 515 1092 δι’
538 1019 581 1110 ἣν
602 1027 657 1091 καί
679 1015 700 1110 ἡ
724 1029 961 1110 φιλοστοργία,
985 1019 1101 1110 φιλικὴ
1123 1027 1239 1111 χρῆσις
1261 1017 1464 1109 ἀνθρώπων
1485 1018 1590 1112 ῦπάρ-

249 1146 397 1212 5χουσα,
421 1117 442 1212 ἥ
465 1147 501 1190 τε
524 1125 756 1210 φιλοστοργία,
780 1127 978 1208 φιλοτεχνία
1000 1148 1052 1203 τις
1073 1111 1156 1192 ούσα
1177 1127 1254 1208 περί
1277 1127 1410 1210 στέρξιν
1432 1130 1546 1210 φίλων
1569 1119 1590 1214 ἢ

283 1228 430 1308 οίκείων,
453 1224 794 1310 συμπαρομαρτοῦσιν
817 1215 938 1308 ἀγάπη.
981 1225 1010 1290 εί
1036 1214 1104 1290 δ’ὁ
1128 1225 1178 1310 τῶ
1201 1213 1277 1292 ὄντι
1300 1218 1489 1310 ἅνθρωπος
1511 1217 1530 1294 ό
1553 1227 1590 1296 έν
1607 1233 1685 1302 ⁴22¹

282 1318 362 1412 ἡμίν
376 1325 468 1392 ἐστιν
490 1314 508 1392 ό
530 1315 767 1409 πνευματικός,
791 1323 998 1408 φιλαδελφία
1017 1314 1037 1408 ἦ
1054 1325 1301 1406 φιλανθρωπία
1316 1335 1388 1402 τοις
1403 1327 1466 1392 τοῦ
1483 1318 1589 1395 αῦτοῦ

281 1419 475 1509 πνεύματος
505 1413 803 1508 κεκοινωνηκόσιν·
843 1423 972 1506 στέρξις
1003 1413 1035 1490 δ’
1061 1409 1104 1490 αύ
1130 1414 1268 1508 τήρησίς
1293 1423 1386 1490 ἐστιν
1413 1417 1588 1510 εῦνοίαςῆ

283 1516 496 1609 ἀγαπήσεως,
541 1513 705 1608 ἀγάπησις
753 1523 788 1588 δὲ
837 1513 993 1604 ἀπόδεξις
1036 1515 1221 1608 παντελής,
1266 1523 1322 1588 καί
1368 1517 1408 1590 τό
1453 1515 1589 1610 ἀγαπᾶν

233 1639 266 1692 10
283 1615 481 1706 ἀρέσκεσθαι
513 1624 563 1708 τῷ
590 1613 683 1707 ἤθει,
709 1613 878 1706 ἀγόμενόν
905 1623 1024 1688 τεκαὶ
1051 1612 1285 1706 ἀπαγόμενον·
1313 1616 1456 1707 ἄγονται
1482 1625 1518 1690 δὲ
1544 1623 1626 1702 είςθ

283 1715 480 1808 ταύτότητα
501 1713 547 1787 δι’
571 1710 745 1804 ὁμόνοιαν,
772 1713 961 1808 ἐπιστήμην
982 1707 1087 1789 οὖσαν
1112 1723 1240 1788 κοινῶν
1262 1711 1420 1806 ἀγαθῶν·
1449 1726 1504 1790 καί
1528 1718 1589 1808 γάρ

284 1815 304 1908 ἡ
326 1813 592 1908 όμογνωμοσύνη
615 1824 793 1906 συμφωνία
816 1821 972 1905 γνωμῶν.
1015 1821 1071 1886 καί
1096 1812 1133 1906 »ἡ
1161 1812 1291 1906 ἀγάπηι
1319 1823 1422 1906 φησίν
1446 1813 1627 1890 »ἀνυπόθ

283 1945 398 2006 κριτος
429 1921 516 1988 ἔστω
548 1910 641 2004 ἡμῖν,
671 1911 769 1986 αύτοί
800 1943 837 1986 τε
867 1911 1142 2004 ἀποστυγοῦντες
1165 1913 1206 1986 τό
1227 1915 1384 2006 πονηρόν
1405 1916 1589 2006 γινώμεθα,

283 2016 495 2105 κολλώμενοι
517 2021 569 2104 τῷ
592 2011 713 2106 ἀγαθῷ
736 2021 779 2104 τῇ
802 2019 1006 2106 φιλαδελφίᾳ
1029 2043 1083 2086 τεν
1108 2020 1163 2086 καί
1188 2013 1230 2087 τὰ
1251 2014 1327 2106 ἑξῆς
1349 2017 1414 2099 ίως
1431 2019 1477 2088 »εί
1495 2022 1589 2088 δυνα-

233 2135 265 2190 16
283 2111 358 2191 τόν,
390 2113 431 2187 τό
457 2117 493 2202 ἐξ
515 2109 622 2200 ῦμῶν,
653 2115 738 2202 μετὰ
764 2109 911 2186 πάντων
940 2110 1143 2202 ἀνθρώπων
1172 2113 1427 2202 είρηνεύσντες.«
1474 2119 1590 2188 ἔπειτα

285 2214 346 2304 »μὴ
369 2220 470 2286 νικῶν
497 2220 585 2303 λέγει
610 2210 694 2285 νῦπό
717 2219 780 2285 τοῦ
801 2219 916 2298 κακοῦ,
940 2209 1024 2285 ἀλλά
1048 2221 1124 2284 νίκα
1139 2217 1176 2286 έν
1192 2220 1243 2304 τῷ
1259 2211 1380 2306 ἀγαθῷ
1397 2213 1438 2286 τό
1453 2211 1585 2286 κακόνπ

281 2311 451 2398 Ἰουδαίοις
473 2343 510 2386 τε
533 2308 552 2385 ό
575 2309 677 2394 αύτός
699 2309 893 2396 ἀπόστολος
913 2333 1096 2402 μαρτυρεῖν
1118 2307 1279 2404 όμσλογελ
1296 2307 1368 2386 »ότι
1385 2321 1490 2405 ζῆλον
1505 2321 1588 2387 θεοῦ
1606 2329 1625 2386 4
1661 2401 1665 2410 Ι

281 2415 426 2502 ἔχουσιν,
458 2408 536 2485 ἀλλ’
569 2408 610 2484 ού
638 2407 718 2484 κατ’
749 2415 944 2500 ἐπίγνωσιν·
982 2408 1188 2502 ἀγνοοῦντες
1223 2411 1286 2501 γάρ
1316 2412 1381 2503 τὴν
1412 2419 1474 2484 τοῦ
1504 2419 1588 2485 θεοῦ

282 2509 506 2600 δικαιοσύνην,
529 2520 585 2584 καί
607 2509 672 2602 τὴν
693 2517 782 2584 ίδίαν
804 2518 985 2601 ζητοῦντες
1007 2518 1135 2602 στῆσαι,
1158 2519 1201 2600 τῇ
1216 2510 1410 2602 δικαιοσύνη
1426 2518 1488 2584 τοῦ
1502 2518 1587 2582 θεοῦ

228 2629 262 2684 λδ
281 2609 340 2700 ούχ
371 2607 618 2702 ύπετάγησαν·«
658 2608 699 2684 ού
730 2609 792 2700 γὰρ
823 2610 863 2684 τό
894 2610 1046 2701 βούλημα
1073 2617 1135 2684 τοῦ
1163 2606 1270 2700 νόμον
1295 2609 1446 2700 ἔγνωσάν
1472 2639 1509 2683 τε
1530 2619 1623 2683 καίθ

279 2715 456 2800 ἐποίησαν,
488 2707 566 2784 ἀλλ’
590 2705 609 2782 ῦ
632 2709 803 2797 ἀπέλαβον
832 2707 947 2788 αύτοί.
979 2717 1084 2783 τοῦτο
1110 2715 1165 2780 καί
1191 2707 1372 2797 βούλεσθαι
1394 2709 1457 2784 τόν
1480 2707 1586 2802 νόμον

279 2807 461 2900 ω’ήθησαν·
484 2809 558 2882 οὐδ’
575 2807 623 2894 ῶς
644 2809 899 2900 πραφητεῦοντι
923 2816 973 2900 τῷ
992 2807 1086 2900 νόμῳ
1101 2815 1310 2894 ἐπίστευσαν,
1333 2806 1425 2902 λόγῳ
1441 2815 1477 2880 δὲ
1494 2817 1584 2900 φιλῶ

277 2917 333 2982 καί
365 2905 478 3001 φόβῳ,
510 2906 588 2982 ἀλλ’
611 2907 652 2982 οῦ
682 2915 830 2984 διαθέσει
859 2917 914 2984 καί
945 2919 1056 2983 πίστει
1087 2905 1341 3000 ἠκολούθησαν·
1380 2915 1496 2992 »τέλος
1521 2909 1585 3000 γάρ

279 3005 384 3098 νόμον
406 3009 554 3098 Χριστός
576 3015 622 3094 είς
644 3009 894 3102 δικαιοσύνηνι,
917 3005 936 3082 ό
959 3007 1026 3082 ῦπό
1049 3007 1155 3099 νόμον
1176 3017 1438 3100 προφητευθείς,
1463 3018 1585 3082 νπαντί

226 3125 259 3180 25
278 3117 327 3202 τῷ
349 3109 573 3184 πιστεύοντι(
621 3103 707 3182 όθεν
728 3115 859 3200 ιίρηται
882 3109 1020 3192 τούτοις
1040 3107 1133 3197 παρὰ
1156 3114 1340 3192 Μωυσέως·
1371 3111 1455 3198 »ἐγώ
1475 3137 1584 3198 παρα·
1601 3123 1679 3192 λιι

277 3209 417 3300 ξηλῶσοο
439 3207 522 3300 ύμάς
544 3205 600 3282 ἐπ’
624 3207 686 3284 οῦκ
709 3213 812 3294 ἔθνει,
835 3208 891 3282 ἐπ’
915 3215 1007 3282 ἔθνει
1029 3203 1180 3298 ἀσυνέτῳ
1202 3214 1379 3296 παροργιῶ
1394 3203 1508 3298 ῦμᾶςι,
1531 3215 1582 3299 τῷ

277 3315 323 3392 είς
344 3305 499 3400 ῦπακοὴν
521 3307 681 3398 δηλονότι
703 3305 859 3397 εύτρεπεί
877 3316 1057 3400 γενομένω.
1090 3315 1146 3380 καί
1168 3305 1222 3380 διό
1242 3301 1376 3378 Ἡσαΐου
1400 3304 1578 3396 εεῦρέθηνι
1601 3316 1619 3372 2

278 3415 364 3496 λέγει
390 3427 481 3492 »τοῖς
508 3413 562 3498 ἐμὲ
584 3408 629 3498 μὴ
657 3413 828 3497 ζητοῦσιν,
860 3407 1011 3499 ἐμφανὴς
1033 3403 1196 3498 ἐγενόμην
1218 3425 1292 3490 τολς
1313 3410 1369 3496 ἐμὲ
1390 3405 1435 3496 μὴ
1457 3409 1582 3496 ἐπερω-

277 3514 389 3589 τῶσι(
414 3505 482 3596 πρὸ
505 3513 566 3598 τῆς
589 3514 651 3580 τοῦ
672 3515 791 3596 κυρίου
804 3516 987 3594 παρουσίας
1002 3505 1140 3598 δηλαδή,
1163 3501 1243 3596 μεθ’
1259 3503 1303 3596 ἣν
1317 3512 1372 3576 καί
1387 3511 1438 3596 τῷ
1454 3501 1581 3596 Ἰσραὴλ

224 3621 258 3674 30
275 3611 385 3678 έκείνα
409 3607 450 3678 τὰ
471 3612 759 3696 προφητευθέντα
780 3613 912 3691 οίκείως
930 3613 1061 3697 λέγεται
1081 3613 1154 3678 νῦν·
1181 3609 1380 3692 »ἐξεπέτασα
1396 3605 1456 3688 τὰς
1470 3603 1581 3694 χειρός

274 3733 340 3794 μου
363 3701 448 3796 όλην
470 3706 533 3796 τὴν
561 3703 686 3796 ἡμέραν
709 3711 763 3778 έπὶ
786 3705 872 3779 λαὸν
894 3702 1106 3778 ἀπειθοῦντα
1127 3711 1182 3776 καί
1205 3701 1453 3794 ἀντιλέγονται
1499 3699 1617 3797 όρζιςθ

359 3901 575 3972 8τρί.Δ155;
606 3901 708 3966 ίίθδθς
731 3901 827 3956 Φθθθ
906 3897 1353 3970 θνςί.[Ρ1αίο]ί)εί.ρ.413Β
1440 3899 1503 3956 ίθί
1524 3899 1580 3970 νηί.

273 3985 349 4040 Stob.
368 3983 425 4040 nol.
443 3985 468 4040 11
487 3988 515 4052 7,
534 3987 586 4042 11b
609 4003 635 4056 p.
653 3987 694 4050 04,
714 3987 780 4040 1-4
799 3983 937 4038 thnm.
956 3983 1107 4052 (ὁμόνοιαν
1124 3975 1198 4038 εἶναι
1215 3977 1370 4052 ἐπιστήμην
1387 3989 1492 4038 κοινῶν
1509 3981 1578 4054 ἀγα·

272 4071 345 4124 θῶνί
442 4070 555 4128 12-16
586 4069 662 4126 Rom.
682 4068 790 4134 12,9f.
809 4069 899 4124 1821
987 4069 1100 4126 17-20
1122 4067 1199 4122 Rom.
1218 4067 1263 4134 10,
1286 4066 1325 4120 2ί
1406 4067 1521 4122 20-28
1544 4065 1580 4124 οίι

273 4151 573 4226 γὰρ-ἠκολούθησαν
595 4153 654 4208 Cat„
681 4171 715 4208 ιο
741 4153 817 4208 ίίσω.
839 4157 882 4218 10,
900 4153 917 4208 ³
942 4153 987 4208 bei
1014 4152 1126 4208 Cramer
1148 4151 1185 4205 lV
1208 4153 1271 4217 369,
1289 4151 1390 4206 24-27
1409 4153 1452 4218 (=
1470 4151 1578 4208 Μοααα

176 4245 186 4264 ·
274 4255 313 4308 gr.
331 4239 382 4294 412
400 4255 426 4310 ρ.
443 4240 512 4308 406).
554 4239 610 4294 lue.
626 4239 676 4294 καί
696 4239 735 4306 μη
758 4237 875 4308 γνόντες
891 4237 962 4306 μηδὲ
979 4239 1149 4306 ποιήσαντες
1166 4235 1199 4293 τό
1216 4233 1345 4307 βούλημα
1363 4241 1414 4290 τοῦ
1435 4235 1538 4304 νόμου,
1562 4233 1578 4292 ὃ

273 4319 414 4394 ἀπέλαβον
442 4321 523 4378 αῦτοί
543 4322 614 4394 expl.
634 4321 834 4392 ἠκολούθησαν
915 4321 1027 4378 Ξθ-Ξῦ
1054 4321 1130 4376 Rom.
1151 4321 1228 4384 10.4
1306 4319 1369 4374 w
1387 4319 1467 4374 Dent.
1485 4319 1526 4386 32,
1544 4321 1576 4375 21

272 4425 331 4464 ιααε
354 4407 430 4463 Rom.
450 4411 493 4474 10,
513 4411 555 4469 19)
646 4407 759 4464 27-81
783 4407 1021 4476 Jes.ffi,1f(m
1038 4405 1115 4460 λίσαι.
1134 4407 1175 4468 10,
1192 4405 1260 4472 2οί)

356 4555 374 4612 2
401 4553 523 4624 έπίξενοι
550 4559 590 4626 (ξε
613 4557 641 4612 in
664 4555 736 4625 Rau.)
760 4557 792 4612 [τί
877 4559 896 4614 θ
922 4549 978 4612 δ’ὁ
997 4556 1075 4611 Sehw
1098 4553 1128 4612 σί
1147 4555 1167 4610 L
1252 4555 1272 4610 θ
1295 4549 1426 4620 ἀπόδεξις
1443 4553 1483 4609 Ρο
1506 4551 1575 4610 ἀπό·

269 4641 392 4708 θειξιςίι
470 4639 587 4714 ἀγαπᾶν
605 4643 635 4696 st
652 4639 822 4713 ἀγαπᾶσθαι
840 4641 860 4694 L
942 4643 981 4698 10
1003 4647 1042 4712 τῷ
1062 4636 1164 4712 ίιιίντῷχ
1184 4635 1247 4708 ἤθει
1266 4637 1411 4710 ἀγόμενόν
1429 4638 1508 4694 Sohw

271 4725 310 4782 22
338 4719 410 4796 οίδΊ
429 4727 478 4782 καί
495 4721 559 4782 οέδ’
577 4727 635 4782 Cat„
716 4727 753 4782 θλ
773 4723 907 4796 εὐπρεπεῖ
921 4727 956 4796 Sy
979 4721 1152 4796 εθιιρεπετίι
