3738 5536
576 525 716 580 stromata
734 523 753 580 l.
776 523 840 594 Cap.
858 523 1138 594 111.24,3-cap.v.
1156 521 1197 590 28,
1209 523 1233 578 2.
1519 533 1556 592 Π

245 685 410 772 σόνεσιν,ι
445 693 623 759 τουτέστιν
654 693 705 778 τῷ
736 691 798 777 οίῳ
831 715 868 758 τε
898 691 1113 772 ἐπιδέξασθαι
1142 681 1242 775 πόνῳ
1268 691 1322 754 καί
1348 683 1555 778 συνασκήσει.

244 785 350 860 πόλιν
377 816 413 860 τε
440 780 482 858 αὖ
508 783 692 877 διαρρήδην
716 790 752 874 ἐξ
780 782 951 876 ὀνόματος
972 793 1092 876 κυρίου
1113 793 1308 876 γέγραπται·
1342 792 1414 856 »καί
1436 785 1477 858 66
1499 783 1554 860 λό-

246 899 353 976 λησον
374 893 457 960 πᾶσι
479 905 551 969 τοῖς
573 905 692 973 σοφσίς
712 893 755 976 τῇ
770 893 912 978 διανοίᾳ,
928 883 987 969 σός
1002 889 1171 974 ἐνέπλησα
1185 891 1317 974 πνεῦμα
1331 883 1551 974 αλσθήσετος·ι

246 987 357 1076 ἔχουσι
377 991 439 1075 μέν
460 1015 494 1058 τι
516 989 641 1058 οίκεισν
663 983 797 1072 φύσεως
822 989 945 1076 ίδίιομα
968 989 1000 1058 ολ
1025 993 1144 1072 »σοφοί
1167 992 1209 1074 τῇ
1232 991 1397 1074 διανοίᾳ,«
1431 985 1590 1074 λαμβά-2

211 1102 341 1158 ῦνουσι
372 1091 408 1156 δὲ
441 1091 588 1176 »πνεῦμα
611 1082 817 1175 αίσθήσεαιςι
847 1084 938 1174 παρὰ
966 1091 1026 1176 τῆς
1046 1083 1260 1256 κυριωτάτης
1282 1091 1402 1170 σοφίας
1424 1083 1552 1170 διττόν,

246 1189 457 1305 ἐπιτηδείους
478 1191 566 1272 σφᾶς
587 1180 712 1266 αδτοδς
733 1182 1019 1274 παραστήσαντες.
1062 1189 1176 1256 οίέν
1115 1213 1176 1274 μυ
1199 1184 1261 1274 γὰρ
1282 1183 1344 1268 τὰς
1367 1185 1590 1272 βαναύσουςσ

245 1281 419 1372 μετιόντες
441 1289 559 1374 τέχνας
581 1291 644 1355 τοῦ
664 1291 741 1374 περὶ
763 1283 824 1366 τὰς
845 1282 1016 1406 αἰσθήσεις
1030 1281 1240 1356 ἀπολαύουσι
1254 1294 1426 1416 περιττοῦ,
1448 1285 1553 1378 ἀκοῆς

245 1379 347 1473 666‘
328 1413 347 1454 ο
368 1391 495 1468 κοινῶς
517 1380 698 1474 λεγόμενος
718 1381 892 1471 μουσικός
922 1379 1012 1474 ἀφής
1034 1377 1111 1456 δέ
1092 1413 1111 1456 ο
1134 1383 1333 1470 πλαστικός,
1355 1394 1410 1460 καί
1434 1393 1553 1478 φωνῆς

246 1477 265 1554 6
287 1479 425 1574 φ’δικός,
457 1477 655 1574 όσφρήσεοις
676 1477 695 1554 6
717 1481 915 1574 μυρεψικός,
948 1475 1061 1570 ὄφεως
1083 1477 1102 1554 6
1126 1491 1200 1556 τῶν
1221 1489 1258 1556 ἐν
1280 1505 1353 1568 ταις
1375 1505 1554 1576 σφραγῖσιν

196 1597 229 1648 1⁰
246 1579 509 1673 ἐντυπωμάτων
544 1577 748 1672 τορευτικός.
791 1585 823 1652 οί
856 1587 891 1653 δὲ
926 1579 1011 1672 ἀμφὶ
1041 1581 1106 1672 τήν
1139 1589 1296 1656 παιδείαν
1322 1591 1588 1676 διατρίβοντεςλ

246 1681 311 1802 τήν
335 1689 557 1772 συναίσθησιν
581 1687 820 1772 χορηγοῦνται,
850 1675 936 1753 καθ’
959 1679 1001 1772 66
1028 1687 1102 1752 τῶν
1122 1688 1258 1772 μέτρων
1280 1687 1312 1756 οἱ
1333 1691 1473 1774 ποιηταί
1496 1693 1552 1756 καί

246 1787 307 1873 τῆς
333 1787 455 1870 λέξεως
481 1784 513 1854 ολ
540 1789 698 1870 σοφισταί
724 1786 779 1852 καί
806 1787 880 1852 τῶν
906 1789 1141 1872 συλλογισμῶν
1163 1787 1195 1854 οί
1217 1791 1420 1857 διαλεκτικοί
1440 1791 1496 1855 καί
1518 1789 1550 1856 οἱ

244 1878 428 1970 φιλόσοφοι
451 1887 513 1972 τής
532 1875 611 1952 κατ’
634 1875 759 1963 αδτοδς
781 1887 928 1970 θεωρίας
943 1877 1262 1971 ἀντιλαμβάνονται.
1296 1880 1470 1972 εδρετικόν
1487 1883 1586 1974 γάρὸ

243 1989 298 2054 καί
328 1979 547 2071 ἐπινοητικδν
577 1977 597 2070 6
629 1985 854 2068 συναίζσθησις
888 1977 1083 2064 ἐπιβάλλειν
1111 1989 1272 2066 πιθανῶς
1303 1977 1548 2064 ἀναπείθουσα,
1567 1993 1652 2048 331Ρ

195 2094 225 2146 15
243 2079 394 2168 συναύξει
417 2087 452 2154 δὲ
475 2083 540 2171 τήν
554 2079 716 2171 ἐπιβολήν
735 2076 756 2170 6
771 2085 818 2163 εἰς
833 2077 1021 2170 ἐπιστήμην
1034 2077 1243 2172 συνόσκησις.
1275 2077 1416 2165 είκότοες
1432 2089 1549 2154 τοίνυν
1563 2095 1645 2158 w

243 2175 263 2250 ό
285 2175 479 2264 ἀπόστολος
503 2186 787 2254 »πολυποίκιλοντ
816 2183 949 2270 εἴρηκεν
975 2181 1039 2268 τὴν
1065 2189 1190 2267 σοφίαν
1210 2188 1274 2256 τοῦ
1296 2187 1393 2268 θεοῦ,
1429 2189 1548 2252 πολυ-

242 2287 352 2368 μερῶς
374 2286 429 2350 καί
451 2276 707 2366 πολυτρόπως,ι
732 2279 787 2352 διὰ
810 2285 939 2368 τέχνης,
961 2277 1016 2351 διὰ
1035 2277 1226 2370 ἐπιστήμης,
1248 2279 1302 2352 διὰ
1317 2287 1472 2364 πίστεως,
1494 2279 1549 2350 διὰ

241 2387 470 2468 προφητείας,
506 2378 571 2468 τήν
600 2377 721 2468 ἑαυτῆς
755 2383 1011 2468 ἐνδεικνυμένην
1041 2377 1182 2468 δύναμιν
1212 2385 1260 2464 είς
1290 2379 1367 2504 τήν.
1384 2375 1549 2474 ἡμετέραν

242 2473 445 2568 εὐεργεσίαν,
477 2472 532 2550 ότι
560 2485 669 2551 »πᾶσα
696 2484 798 2565 σοφία
823 2475 915 2564 παρὰ
941 2485 1059 2566 κυρίου
1085 2485 1141 2550 καί
1162 2476 1238 2568 μετ’
1261 2475 1367 2552 αδτου
1352 2483 1481 2552 ’ἐστιν
1502 2485 1548 2562 είς

190 2595 225 2646 ’.υ
244 2577 305 2652 τόν
335 2571 516 2662 τελῶναι
498 2607 518 2666 η
543 2601 646 2666 φησιν
667 2573 687 2666 6
710 2583 773 2648 τοῦ
797 2573 903 2666 Ἰησοῦ
933 2585 1045 2664 σοφία.
1090 2577 1168 2650 »ἐὰν
1198 2577 1261 2668 γὰρ
1292 2579 1357 2668 τήν
1382 2575 1583 2668 φρόνησιν.
1566 2593 1584 2628 ⁰

243 2675 306 2766 τήν
341 2707 379 2750 τε
414 2682 572 2768 αἴσθησιν
602 2681 781 2764 ἐπικολέση
811 2673 939 2766 μεγάλη
971 2683 1011 2764 τῇ
1042 2685 1144 2765 φωνῇ
1177 2684 1234 2750 καί
1265 2675 1410 2768 ζητήσρς
1439 2675 1547 2768 αότήν

243 2773 357 2865 ὥσπερ
380 2773 539 2867 ἀργυρίου
562 2775 754 2866 θησαυροὺς
775 2783 830 2848 καί
851 2774 1041 2864 προθύμοις
1062 2773 1259 2864 ἐξιχνιάσης,
1282 2775 1413 2868 νοήσεις
1434 2782 1547 2848 θεοσέ-

240 2883 333 2960 βειαν
362 2884 418 2948 καί
448 2881 607 2966 αἴσθησιν
636 2883 736 2948 θείαν
765 2873 944 2966 εδρήσεις,ι
978 2873 1065 2964 πρὸς
1091 2871 1353 2966 ἀντιδιαστολήν
1377 2881 1438 2965 τῆς
1459 2875 1546 2946 κατὰ

241 2983 449 3062 φιλοσοφίαν
471 2973 661 3066 αἰσθήσεως
681 2979 812 3066 εἴρηκεν
834 2971 853 3046 6
875 2973 1065 3066 προφήτης,
1088 2975 1130 3066 ἣν
1143 2983 1366 3066 μεγαλοφυῶς
1380 2983 1436 3047 καὶ
1450 3003 1546 3065 μεγα-

188 3089 222 3144 26
240 3083 424 3162 λοπρεπῶς
449 3079 626 3162 ἐειρευνᾶν
651 3071 797 3146 διδάσκει
823 3081 869 3157 είς
891 3073 956 3164 τήν
977 3079 1032 3148 ἐπί
1054 3073 1119 3165 τήν
1140 3082 1335 3164 θεοσέβειαν
1355 3074 1546 3166 προκοπήν.

238 3171 428 3264 ἀντέθηκεν
449 3167 513 3248 666
534 3169 621 3262 αὐτῇ
643 3171 708 3262 τήν
729 3176 768 3243 έν
790 3181 962 3264 θεοσεβείᾳ
985 3177 1150 3264 αἴσθησιν,
1174 3173 1238 3264 τήν
1260 3183 1387 3264 γνῶσιν
1401 3173 1582 3248 αίνισσό-ίλ

237 3303 339 3364 μενος
366 3281 421 3346 καί
453 3271 531 3347 τόδε
564 3281 715 3390 λέγων·
726 3266 763 3343 ιδ
790 3271 853 3363 γὰρ
880 3271 961 3355 θεὸς
988 3277 1104 3345 δίδωσι
1132 3283 1257 3361 σοφίαν
1280 3280 1317 3346 ἐκ
1340 3281 1401 3346 τοῦ
1423 3277 1546 3348 ἑαυτοῦ

237 3369 408 3462 στόματος
438 3379 597 3464 αἴσθησίν
627 3398 663 3442 τε
694 3363 761 3460 ἀμα
791 3377 846 3442 καί
878 3367 1061 3461 φρόνησιν,
1095 3381 1150 3444 καὶ
1182 3383 1374 3464 θησαυρίζει
1404 3379 1545 3458 δικαίοις

235 3469 430 3562 βοήθειαν·ι
468 3490 540 3555 τοῖς
562 3470 626 3560 γὰρ
647 3466 715 3540 όπό
738 3479 944 3558 φιλοσοφίας
966 3477 1236 3562 δεδικαιωμένοις
1257 3472 1400 3566 βοήθεια
1422 3485 1545 3564 θησαυ-

184 3585 220 3640 30
237 3579 290 3660 ρί·
290 3601 363 3644 εται
384 3568 483 3644 26‘
461 3601 483 3660 η
505 3577 552 3654 είς
574 3577 769 3654 θεοσέβειαν
790 3578 1020 3660 συναίσθησις.

322 3675 358 3743 V.
381 3661 442 3741 Ην
462 3677 524 3760 μὲν
545 3661 608 3740 066
628 3667 697 3760 πρό
720 3675 781 3759 τῆς
803 3675 866 3742 τοῦ
891 3677 1011 3760 κυρίου
1039 3679 1223 3760 παρουσίας
1253 3675 1299 3754 είς
1328 3671 1545 3764 δικαιοσύνην
1562 3685 1638 3748 261

228 3763 388 3858 Ἕλλησιν
402 3765 566 3858 ἀναγκαία
582 3777 778 3856 φιλοσοφία,
799 3777 872 3840 νυνί
888 3776 923 3841 δέ
937 3777 1078 3860 χρησίμη
1094 3769 1181 3858 πρός
1196 3777 1391 3855 θεοσέβειαν
1407 3779 1543 3862 γίνεται,

234 3874 441 3958 προπαιδεία
473 3897 524 3952 τις
556 3861 638 3940 οὖσα
656 3887 743 3958 τοις
767 3867 831 3958 τήν
852 3877 968 3940 πίστιν
991 3865 1036 3940 δι’
1059 3863 1264 3956 ἀποδείξεως
1286 3877 1542 3960 καρπουμένοις,

235 3959 289 4040 ότι
319 3962 356 4038 »6
382 3967 467 4050 πούς
493 3991 572 4040 σουι
601 3975 704 4058 φησίν
733 3964 792 4042 »66
818 3967 863 4058 μή
889 3967 1103 4058 προσκόφη,ι
1137 3971 1192 4039 ἐπί
1219 3967 1283 4058 τήν
1309 3967 1478 4058 πρόνοιαν
1501 3971 1543 4043 τά

131 4099 135 4108 ·
183 4079 216 4134 33
233 4063 364 4136 παλαί’
342 4073 585 4194 αναφέροντος,
608 4065 668 4138 ἐόν
691 4097 726 4140 τε
749 4061 967 4156 Ελληνικά
950 4097 969 4156 η
993 4065 1052 4140 έάν
1076 4097 1113 4138 τε
1134 4064 1285 4160 ήμέτερα.
1320 4097 1467 4140 παντων
1480 4077 1578 4158 μὲν
1561 4085 1579 4120 ⁰

233 4165 297 4254 γὰρ
320 4195 427 4248 αιτιος
449 4173 522 4236 τῶν
542 4175 662 4238 καλῶν
683 4161 702 4238 6
726 4163 814 4250 θεός,
837 4161 925 4240 ἀλλά
948 4173 1021 4238 τῶν
1040 4173 1102 4257 μὲν
1120 4167 1207 4239 κατὰ
1221 4167 1479 4259 προηγούμενον
1494 4167 1542 4254 τός

236 4271 296 4354 τῆς
318 4293 355 4336 τε
378 4263 544 4356 διαθήκης
566 4271 627 4356 τῆς
647 4273 793 4350 παλαιᾶς
814 4273 869 4338 καί
892 4273 952 4356 τής
974 4271 1059 4352 νέας,
1091 4273 1165 4338 τῶν
1187 4273 1221 4339 δέ
1243 4265 1323 4340 κατ’
1345 4268 1638 4342 &amaad-1226

318 4449 581 4518 2-46106.28‚3
662 4453 700 4510 10
719 4451 900 4524 61666610
981 4453 1208 4518 mtflobr.1‚1
1281 4455 1473 4522 lotSir.1,1

233 4535 360 4592 26-28.
379 4535 493 4592 22-26
514 4536 594 4592 Prov.
612 4537 637 4604 2,
655 4538 721 4592 3-7
805 4535 844 4592 84
863 4537 941 4592 Ρτσν.
961 4539 985 4604 3,
1003 4539 1037 4592 ‘23

319 4687 359 4742 ⁸⁸
377 4687 547 4756 προπαίδεια
568 4687 588 4742 Ιι

290 4771 400 4816 elmon
414 4770 445 4818 11.
1317 4773 1333 4826 2
